2866 4716
498 325 629 424 Httt,
652 325 757 392 usu.
987 335 993 350 ’
1103 325 1157 392 aa·

219 489 331 544 Terent.
343 483 393 540 Ad.
406 482 441 548 ²,
460 481 548 546 l,lti.
572 494 613 534 ss.
647 477 788 544 Osaciaur
801 473 949 546 Μίκωνα.
981 489 1029 531 ιι.
1042 475 1147 556 qflssi-

173 563 262 641 nabit,
278 573 328 626 uisi
342 585 420 622 caves.
455 583 496 618 ss.
525 565 576 618 Hei
596 563 688 617 uinco
710 561 783 614 mitt.
816 559 957 612 Bentleine
977 577 1062 630 quum
1084 579 1147 618 ror.

172 676 233 714 euna
254 657 380 710 laborare
398 655 427 705 st
442 649 471 704 iu
486 647 624 702 codicibus
640 646 696 700 alia
708 643 768 714 tegi
782 642 911 707 vidisset,
929 644 1052 714 scripsita
1073 667 1089 702 a
1096 655 1149 720 sa.

175 746 248 798 ciouc
263 737 455 796 maetam!
482 733 647 798 Geraiacbit,
664 730 715 784 atat
730 745 813 784 comt.
837 727 890 780 flet
904 729 1042 786 miceriam.
1068 734 1148 803 Quod

174 828 209 885 sb
227 827 336 896 antiquo
355 839 406 876 usu
422 820 562 874 obhorret·

187 955 222 1015 t.
242 946 336 1014 Haud
353 949 431 1008 raro
456 943 564 1030 pergit
590 938 696 1004 oratio
722 955 783 1024 per
804 929 883 1008 sed,
905 941 943 996 ut
967 932 1146 1010 interieauo

103 1045 200 1102 extra
215 1031 476 1100 enuntiationem
491 1035 654 1112 ponaturc
1139 1068 1142 1076 .

210 1151 280 1206 Stat.
294 1135 382 1200 Tbeb.
396 1143 442 1210 12,
449 1143 510 1197 340.
536 1144 579 1196 bei
591 1144 663 1199 mibi.
680 1145 725 1198 scd
738 1151 832 1215 quauta
846 1141 975 1198 derceodit
986 1143 1081 1196 autaut
1093 1143 1153 1197 bia·

173 1243 214 1291 tu.
249 1231 318 1286 Silv.
331 1229 358 1298 5,
373 1227 400 1295 2,
416 1227 475 1282 lou.
493 1227 537 1281 bei
548 1227 621 1284 mibi.
638 1231 684 1284 red
706 1238 787 1287 metus
799 1228 886 1285 ratitos
904 1228 1012 1298 risorio
1025 1227 1092 1284 ciebo
1107 1253 1155 1293 -,

108 1316 113 1327 '
172 1325 205 1374 a·
220 1319 316 1384 aeuo,
334 1314 465 1388 copam,
484 1312 559 1366 stas.

518 1461 651 1550 HEI
660 1464 716 1552 A.

185 1614 323 1682 Vide-iu
344 1628 413 1680 stt·
442 1610 593 1679 Tom.s.
614 1633 649 1698 p.
667 1617 742 1680 362.

527 1741 711 1870 ΗΕΜ]

194 1931 401 2018 Quamquam
419 1929 681 2012 interiectiones,
701 1931 750 1996 uti
773 1930 840 1996 iam
864 1929 1008 2018 Scaliger
1026 1929 1148 2010 docuit,

109 2014 197 2082 nihil
213 2028 298 2080 certa
314 2017 451 2080 notione
468 2013 673 2099 significant,
695 2015 751 2087 sed
766 2025 863 2076 notae
878 2029 953 2080 sunt
975 2017 1149 2084 affectuum

110 2102 231 2184 enimi,
263 2101 424 2188 quaedam
450 2108 579 2174 tamen,
610 2119 712 2182 quum
735 2096 890 2162 vocabula
915 2099 993 2164 fiant
1011 2112 1044 2164 et
1068 2125 1150 2188 pro·-

109 2188 320 2268 nuntientur,
348 2194 499 2250 naturam
529 2183 719 2248 nominibus
750 2193 920 2270 cognatam
948 2185 981 2250 in
1005 2207 1039 2252 se
1062 2188 1149 2252 reei-

108 2275 206 2361 piuut
223 2273 287 2352 ita,
307 2281 344 2334 ut
360 2291 462 2336 unam
485 2290 560 2334 cum
591 2266 782 2332 nominibus
808 2289 1019 2337 communem
1048 2269 1151 2357 origi-

109 2379 188 2422 nem
203 2356 266 2420 sibi
282 2355 454 2434 vindicent,
470 2365 525 2420 aut
542 2354 602 2418 atio
616 2355 650 2419 in
672 2352 768 2418 verba
783 2361 968 2419 transeanti
990 2357 1152 2466 quemad-

110 2442 250 2508 modum
268 2462 327 2522 eu,
351 2463 436 2528 euge
452 2439 645 2527 cognatione
665 2439 829 2526 attingunt
844 2462 967 2505 nomen
986 2462 1039 2522 su,
1059 2463 1101 2506 eu
1119 2451 1152 2508 et

112 2551 186 2594 ecce
211 2527 372 2592 elementa
395 2527 554 2614 praebent
580 2524 758 2605 adverbiis,
787 2543 856 2610 pro
886 2525 1088 2612 praepositio
1117 2538 1151 2592 et

133 2635 174 2678 ro
198 2611 382 2680 interiectio
410 2611 504 2676 u'nius
531 2620 608 2673 sunt
629 2609 767 2698 generis.
824 2613 930 2698 Atque
957 2610 1021 2675 hoo
1047 2613 1148 2677 modo

107 2635 166 2780 it,
202 2707 240 2761 ut
268 2697 382 2778 bem,
399 2695 478 2760 iceras
503 2716 580 2760 curn
612 2695 862 2784 pronominibus
887 2695 1150 2778 demonstrativis

112 2783 308 2871 cognatione
331 2783 522 2866 iungantura
546 2802 652 2868 neque
674 2801 757 2868 opus
783 2789 848 2864 est,
871 2791 908 2845 ut
930 2804 1005 2846 cum
1029 2783 1148 2848 Vossio

115 2869 153 2932 ad
168 2869 354 2932 hebraicam
371 2865 619 2954 originationem
636 2866 867 2952 regrediamur.
910 2861 998 2932 Hem
1011 2868 1078 2932 sive
1098 2891 1150 2934 cm

117 2953 225 3018 sensui
241 2953 343 3017 animi
358 2953 424 3016 vim
450 2952 743 3016 demonstrativam*
763 2949 875 3029 debet,
899 2971 998 3037 quam
1022 2953 1150 3019 intelte-

115 3047 171 3102 ctu
194 3046 227 3103 et
247 3037 383 3102 notione
415 3058 487 3106 com
515 3035 685 3102 rehensam
709 3047 873 3124 occupant
896 3059 971 3100 earm
995 3047 1026 3102 et
1050 3039 1150 3121 iuuene,

116 3123 206 3210 qnod
222 3133 289 3187 erat
302 3123 428 3187 brumae.
498 3131 512 3184 t
530 3119 602 3186 dim
618 3120 771 3186 dixerunt
784 3132 906 3187 veteres
922 3142 984 3209 pro
999 3123 1096 3204 binc,
1118 3135 1150 3190 et

113 3229 190 3289 eno,
210 3208 297 3294 quod
313 3207 425 3273 Festus
440 3217 551 3271 narrat
564 3203 686 3271 dictum
703 3229 772 3271 esse
788 3227 851 3296 pro
867 3218 955 3290 tom,
977 3231 1044 3273 nou
1070 3209 1150 3276 alie-

112 3314 197 3359 num
222 3303 269 3357 est
291 3315 309 3358 a
332 3293 540 3382 pronominis
563 3293 682 3381 stirpe,
713 3293 771 3358 sed
792 3294 971 3380 respondet
995 3296 1150 3360 accusati·

111 3399 153 3448 vo
172 3396 258 3443 eum.
503 3397 504 3404 ¹
923 3392 930 3408 ·

196 3462 268 3527 Nos
286 3464 319 3528 in
345 3459 407 3526 hac
426 3481 521 3544 voce,
543 3463 593 3526 cui
615 3461 818 3550 grammatici
841 3462 961 3528 variam
985 3462 1149 3552 significa·

112 3546 243 3612 tionem
257 3549 457 3630 tribuerunt,
480 3546 604 3634 duplex
617 3569 718 3634 genus
735 3549 891 3612 orationis
909 3548 1148 3637 distinguimus,

137 3653 260 3698 uoniam
292 3633 430 3704 alterum
459 3634 584 3697 maiore
613 3634 713 3698 animi
744 3631 946 3698 affectatione
976 3633 1149 3722 praevalet.

112 3656 303 3806 ddspiratio
327 3729 454 3798 autem,
480 3739 577 3804 quam
598 3718 770 3784 scribendo
793 3729 918 3782 veteres
940 3719 1150 3806 saepe'omi-

113 3803 248 3883 serunt,
268 3804 364 3868 sicuti
387 3804 490 3869 Maius
505 3802 606 3868 refert
625 3825 660 3869 se
680 3805 714 3870 in
738 3803 955 3892 palimpsestis
978 3826 1031 3868 em
1052 3825 1151 3891 repe.-

113 3889 213 3969 risse,
235 3890 506 3975 pronuntiatione
522 3907 652 3977 semper
667 3901 791 3954 servata
806 3911 875 3955 esse
894 3890 1029 3954 videtur.
1060 3892 1150 3976 Apu-

113 3972 196 4038 leias
209 3974 251 4038 de
266 3984 345 4038 nota
362 3974 587 4059 adspirationis
605 3979 655 4040 16.
676 3975 894 4062 crispis-amus
909 3983 990 4036 uate
1003 3991 1025 4038 Ε
1040 3973 1077 4038 in
1092 3975 1149 4036 in·

115 4060 312 4125 teriectione
327 4057 592 4146 significationis
605 4061 728 4147 gratio
736 4105 747 4138 ,
769 4061 858 4129 sicut
877 4056 968 4123 alius
982 4058 1148 4146 quaedum

114 4145 376 4212 interiectionem
