2856 4722
551 365 751 466 turnum.
892 373 898 388 “
1098 349 1250 448 ω,

151 501 158 510 “
225 519 401 579 Plautum.
416 519 444 586 e,
460 516 487 584 a,
501 518 545 574 la.
557 523 646 591 sata.
660 523 736 591 taut,
752 521 820 592 moa
832 519 982 576 atatam..
998 521 1044 576 ua
1055 538 1126 583 aa..
1139 522 1184 575 n-

191 611 286 676 terim,
304 609 390 662 ettae
406 607 536 676 attigerit,
561 609 672 661 dabitur
690 608 739 660 titi
752 623 880 676 magnam
895 607 1002 661 malma.

866 686 872 716 t

212 735 264 798 14.
292 729 438 796 Interim
469 725 604 792 mutatis
636 728 828 800 notionibus
856 751 926 800 esse
953 740 1066 816 potest
1093 730 1186 796 inter

55 882 57 888 ,
127 817 223 900 alia,
248 817 339 906 quod
358 816 548 900 adtempus
562 836 678 879 rursus
692 815 835 880 relatum
853 836 916 901 pro
938 815 1112 881 interdum
1131 819 1195 886 di·,

128 906 222 968 uitur.
268 904 321 967 Sia
338 901 495 966 Germani
517 901 692 965 miranter.
739 901 876 964 Videtur
902 901 955 964 hie
975 923 1052 966 usus
1076 905 1186 983 Quin-

91 1051 97 1064 „
124 989 231 1055 titiani
248 1001 401 1075 tempore
418 999 527 1050 natus.
574 988 634 1053 Vd.
653 986 822 1074 Spalding.
841 986 880 1050 ed
898 988 1038 1067 Quintil.
1057 995 1086 1070 1,
1105 997 1133 1070 1,
1152 994 1185 1055 8.

127 1087 157 1141 et
178 1076 219 1140 ud
239 1082 290 1157 10,
306 1082 337 1157 3,
354 1079 385 1138 7.
427 1073 511 1138 Nam
561 1095 622 1137 uae
640 1072 827 1136 afferuntur
843 1073 948 1138 Plauti
969 1084 1000 1137 et
1017 1075 1195 1140 Ciceronis*

127 1162 303 1248 exempla,
325 1183 362 1224 ee
387 1159 452 1224 alio
473 1095 560 1222 moi

557 1182 576 1222 o
603 1160 761 1246 explicari
787 1158 917 1241 debent.
961 1160 1031 1224 Sed·
1048 1162 1209 1246 Quinti„
1293 1194 1297 1200 .

129 1249 254 1326 lienus,
281 1246 395 1325 Plinii,
419 1247 559 1310 Senecae
576 1243 788 1332 frequentant
806 1245 891 1310 hone
916 1245 1104 1311 dictionem.
1146 1247 1185 1312 In
1297 1303 1299 1310 .

125 1335 236 1399 Taciti
259 1331 349 1396 libris
374 1331 503 1395 nulium
526 1331 636 1396 inveni
662 1331 866 1418 exemptum.
916 1329 966 1396 Cf.
991 1332 1119 1396 Erasmi
1145 1334 1185 1401 de

126 1419 233 1505 Copia
258 1418 346 1482 verb.
374 1421 486 1496 1‘,11.
511 1416 662 1482 Goelenii
688 1419 860 1481 Observat.
887 1439 921 1504 p.
942 1417 1013 1482 151.
1035 1419 1186 1506 Scioppii

123 1505 199 1570 lud.
224 1505 263 1570 de
285 1504 361 1568 stilo
386 1501 504 1568 histor.
529 1525 563 1592 p.
580 1506 633 1568 57.
673 1503 839 1568 Buehner.
862 1503 908 1566 de
928 1503 1099 1568 Commut.
1124 1516 1185 1571 rat.

125 1592 192 1656 dio.
216 1615 250 1678 p.
273 1594 342 1654 168.
367 1589 517 1653 Gronov.
543 1589 582 1654 ed
601 1590 722 1653 Senoe.
741 1591 781 1653 de
799 1586 912 1655 Benef.
934 1593 964 1663 6,
985 1593 1038 1654 tt.
1061 1591 1186 1657 Priene.

123 1677 168 1742 ad
186 1677 311 1764 Apulei.
330 1675 461 1763 Metp.
479 1677 553 1740 632.
578 1674 781 1740 Freinshem.
806 1675 839 1737 in
855 1673 927 1759 Iud.
949 1673 1035 1742 Flor.
1053 1676 1187 1745 Berselii

123 1761 264 1830 Miscell.
288 1786 322 1850 p.
340 1762 393 1826 25.
416 1760 542 1826 Duker.
562 1761 602 1824 ad
619 1760 709 1825 Fieri
725 1770 754 1840 1,
770 1764 824 1839 25,
841 1765 872 1824 6.
1124 1801 1126 1804 -

231 1883 324 1935 Plaut.
340 1881 425 1933 Teuc.
440 1878 467 1944 4,
481 1879 507 1943 4,
524 1877 567 1932 28.
603 1898 650 1932 1³11.
685 1881 743 1934 iam
758 1889 885 1933 metuam
899 1881 1000 1932 ueniant
1014 1899 1067 1934 noa
1089 1885 1189 1940 aecer?

197 1981 256 2018 nra.
287 1966 320 2018 ta
337 1983 436 2032 quoqne
451 1967 555 2017 interim
565 1966 683 2033 furatim
697 1982 790 2016 nomen
805 1967 1056 2019 commemorabitur.
1088 1968 1120 2021 ln
1138 1987 1189 2023 oo-

174 2107 178 2113 ,
199 2051 307 2103 dicibua
322 2049 426 2118 legitur
437 2051 565 2118 satutim,
586 2051 658 2118 quod
674 2065 733 2102 esee
753 2047 946 2100 existimabunt
959 2054 1131 2118 frepamter.¹
1151 2057 1189 2109 At
1234 2040 1237 2051 s

69 2175 79 2190 .
198 2145 273 2189 recte
289 2134 444 2189 Pelmerius
455 2137 571 2202 jurativa
587 2133 704 2202 scripsit,
713 2121 718 2128 '¹
725 2128 845 2200 quoeum'
858 2132 985 2185 convenit
1001 2135 1112 2188 interim.
1130 2137 1187 2192 vid.
1261 2157 1264 2164 ’

84 2217 86 2222 ’
185 2238 224 2276 n.
238 2221 265 2273 8.
303 2221 382 2290 Quod
406 2221 526 2274 ecieer.
549 2219 627 2272 Oret.
648 2237 675 2288 p.
692 2216 833 2272 1161626.
861 2217 999 2284 afferunt,
1020 2218 1105 2274 etiam
1121 2221 1189 2277 nss.

201 2304 271 2370 elius
287 2294 347 2357 erse
361 2304 469 2374 generis
484 2303 598 2359 ostendi.

237 2407 352 2474 Quintil.
369 2408 435 2473 1,1,
452 2408 477 2461 8.
496 2408 625 2477 imperiosi
647 2413 722 2474 utque
744 2405 849 2459 interim
871 2407 1018 2460 saevientes.
1054 2409 1081 2474 1,
1097 2410 1123 2476 l,
1142 2411 1187 2466 tt.

203 2495 339 2545 contendat
355 2495 459 2545 interim
477 2502 501 2546 et
518 2493 621 2560 saepiae
644 2492 748 2542 uincere
770 2497 896 2559 reputet.
928 2489 954 2555 1,
972 2489 1039 2556 at.
1058 2497 1125 2560 qaod
1140 2513 1188 2548 ne-

199 2579 268 2629 mine
284 2584 400 2641 coartat,
419 2573 494 2630 de‘re
512 2577 617 2628 datium
634 2583 686 2639 est,
706 2575 809 2627 interint
825 2575 973 2628 eonieetnra
996 2585 1041 2630 eet.
1075 2577 1141 2645 2,1,
1161 2581 1187 2633 1.

199 2663 280 2715 tenuit
304 2660 459 2714 contuetatio
476 2689 510 2698 -
534 2667 562 2713 ut
585 2661 796 2730 praeceptoribus
816 2659 991 2726 eloquentiae,
1017 2662 1106 2728 latinio
1129 2666 1187 2734 qui·

200 2748 259 2798 dem
281 2762 398 2813 temper,
422 2746 468 2798 eet
490 2746 568 2797 etiam
585 2746 689 2814 graecis
710 2745 818 2797 interim
840 2744 961 2812 discipali
983 2748 1081 2812 certat,
1106 2767 1188 2816 quam
1302 2808 1304 2812 ,

200 2832 270 2883 ratio
292 2831 427 2898 postulat,⁴
446 2832 620 2882 traderentur.
655 2829 681 2894 2,
695 2827 723 2896 4,
740 2825 767 2880 4.
794 2828 820 2893 3,
836 2828 862 2893 6,
879 2827 921 2882 88.
948 2826 974 2893 6,
988 2829 1015 2894 ὃ,
1030 2829 1072 2885 44.
1093 2835 1189 2887 similia

122 2921 124 2926 '
201 2916 230 2967 in
250 2913 370 2984 apologia
389 2931 488 2981 quoque
502 2922 528 2965 et
544 2906 698 2982 ppituedum
713 2914 817 2966 interim
833 2914 913 2966 etiam
929 2913 1046 2967 interiit
1061 2933 1189 2985 erponem

200 3001 230 3054 di
244 2999 336 3069 gratia
357 2998 474 3064 conequi
496 2999 567 3050 rotet.
600 2997 672 3051 Pliu.
697 2996 856 3062 1118118,
874 2994 972 3061 16,18.
990 3002 1056 3052 aerei
1066 3003 1188 3055 'alterata

157 3123 166 3140 .
202 3085 304 3136 dietae:
322 3099 340 3133 a
358 3082 496 3133 saturitate
517 3083 620 3148 interim
637 3083 725 3134 triduo
744 3083 806 3134 aitis
824 3099 939 3134 curere·
954 3080 979 3146 9,
995 3080 1021 3147 8,
1036 3081 1074 3137 1.-
1079 3088 1188 3154 pariant

86 3199 92 3208 =
202 3169 302 3222 eatuloe
319 3166 415 3218 decimo
431 3183 513 3218 mense
527 3194 578 3230 -,
595 3165 700 3218 interim
718 3167 798 3219 binos.
834 3166 929 3218 Senon.
948 3167 1033 3219 Hero.
1051 3161 1111 3223 oet
1125 3169 1187 3224 481.

202 3251 399 3317 interimeretur
419 3258 455 3302 eet
474 3253 542 3308 ides.
576 3251 672 3302 Seneo.
698 3250 732 3304 de
754 3251 893 3315 Benehl,
909 3247 992 3314 11,1.
1010 3253 1114 3305 interim
1134 3272 1188 3306 non

110 3405 114 3410 Ι
201 3339 309 3390 rediere
325 3343 432 3388 tantam
448 3327 509 3386 litet
528 3337 595 3402 quod
611 3337 753 3404 occeperit,
776 3339 821 3389 aed
836 3338 956 3390 obiicere.
991 3335 1024 3388 de
1039 3338 1085 3391 Ira
1101 3337 1127 3404 2,
1143 3337 1186 3393 21.

202 3419 289 3487 1,16.
309 3421 409 3472 Florus
425 3419 450 3482 l,
466 3417 511 3482 25,
526 3417 551 3470 6.
571 3419 647 3471 Mela
657 3420 686 3486 ,6,
703 3419 787 3487 6,·14.

235 3522 332 3575 Infima
347 3519 600 3574 letinitetie‘uetute
615 3522 717 3590 ubique
733 3524 837 3576 interim
860 3539 909 3590 pro
926 3523 970 3574 red
992 3509 1197 3590 usurpabatur,

84 3649 91 3672 ,
204 3607 320 3672 ideoque
334 3622 351 3659 e
366 3605 487 3658 librariis
500 3622 581 3675 saepe
592 3607 664 3675 opud
677 3613 786 3662 veteres
800 3607 947 3674 scriptores
959 3612 999 3659 eat
1009 3606 1245 3683 suppositum*
1343 3625 1357 3646 Ι

203 3694 248 3745 vd.
263 3693 371 3752 Cornet.
386 3688 526 3755 Them.(i,
540 3691 564 3745 1.

222 3831 272 3892 15.
296 3829 364 3892 Hae
387 3819 626 3914 significatione
649 3829 794 3976 positam
817 3823 1014 3914 particulam
1040 3827 1192 3912 sequunss'
1284 3815 1290 3838 ‘

135 3920 191 3976 tur
213 3914 357 3978 eiusdem
377 3914 505 3999 generis
530 3913 687 3978 voeabue
712 3935 834 4000 saepe,
856 3932 1129 3998 nonnumquam,
1155 3925 1188 3980 et

128 3999 246 4086 ,ipsum
264 3999 408 4080 interim.
420 3998 469 4061 bis
488 3999 624 4084 ponitur
640 4021 704 4086 pro
719 3999 821 4063 neoda
837 4033 879 4046 -
893 3988 1006 4060 mutio.

240 4117 357 4188 Quintil.
372 4118 414 4183 12,
435 4117 477 4182 lt,
492 4115 535 4168 53.
554 4117 638 4188 laturi
651 4120 809 4173 sententiam
828 4117 925 4170 indocti
939 4116 1041 4184 saepiae
1058 4124 1133 4187 atque
1147 4118 1188 4170 in·
1267 4099 1276 4109 ⁶
1316 4100 1320 4109 .

206 4205 283 4258 terim
304 4204 405 4258 rattiei.
436 4197 583 4268 11,3,51.
607 4200 635 4269 4,
650 4203 677 4270 t,
692 4203 735 4258 26.
761 4205 888 4273 quaedam
905 4202 1009 4256 interim
1033 4219 1079 4256 noe
1100 4204 1189 4256 invitia
