2810 4726
245 349 249 358 ·
282 325 381 418 ⁶44¹
611 302 616 314 '
731 324 885 394 naen:
917 356 946 388 .·

283 535 284 540 ,
350 479 402 537 rin
413 469 734 550 poraioosortn'io'nosw
745 481 830 538 Ture.
848 479 992 548 4,·1888.
1007 483 1124 552 nuncio
1139 481 1310 540 Eretinene

299 617 303 627 ‚
349 583 409 621 nior
422 567 490 618 istor.
522 564 655 620 ubi-bone
675 565 815 620 unusne
830 567 1225 622 munnat‘tncennwua
1238 586 1310 636 quan

238 700 240 703 .
348 653 389 704 oir
402 653 470 703 iicet.
504 650 538 702 de
552 649 659 710 Nend.
677 650 704 715 8,
720 649 763 715 88,
778 650 822 704 88.
855 652 904 705 nbi
918 651 981 704 ride
994 651 1138 724 Heindorf.
1169 654 1270 712 Luaron
1284 653 1309 716 8,

214 725 218 734 '
349 733 409 788 881.
435 736 494 787 ticet
522 735 636 803 momnis
660 735 755 788 coelom
780 744 926 806 terroreque
952 743 1061 790 renntnr
1080 721 1231 808 incoriopto
1247 743 1309 807 fare,

349 828 470 872 aeternae
483 819 610 872 mundato
624 819 718 872 Soioti.
753 819 800 872 nui
814 819 973 873 Wakefield.

355 921 412 986 His
441 920 614 985 enuntiatis
639 923 767 1018 opponi
789 922 1009 1008 peterat'alia
1034 931 1209 1002 sententia,
1234 939 1309 1008 quae

280 1005 494 1096 significaret,
522 1005 737 1070 nihilominus
762 1007 895 1072 alteram
917 1005 988 1074 rem
1012 1005 1100 1082 fieri,
1131 1027 1229 1092 eaque
1253 1006 1310 1068 ad-

244 1121 246 1138 *
279 1093 474 1180 iungebatur
497 1089 586 1156 nulia
617 1093 735 1179 ecpui'a
765 1091 945 1159 interiecta.
996 1093 1049 1156 Sic
1080 1094 1148 1158 Cic.
1180 1089 1220 1156 ad
1247 1095 1310 1155 Au.

282 1180 331 1253 14,
345 1181 377 1242 t.
399 1175 459 1242 sed
476 1177 593 1240 omnin
616 1176 696 1242 licet
720 1190 942 1243 concurrunt.-
973 1177 1050 1243 idus
1064 1178 1213 1244 murtiae
1233 1200 1310 1240 con-

193 1333 195 1348 *
278 1263 462 1328 soluatur.¹
487 1261 536 1326 Ita
554 1260 641 1326 enim
657 1273 705 1328 est
724 1262 952 1344 scribendum,
976 1287 1047 1328 non
1067 1273 1229 1328 commate
1248 1285 1311 1352 po·
1383 1327 1384 1336 ,

277 1348 370 1424 eit0,'
384 1346 475 1434 quasi
495 1347 574 1412 licet
591 1369 652 1434 pre
671 1347 735 1413 etsi
750 1350 897 1436 pesitum
913 1349 965 1414 sit.

359 1431 466 1496 Nemo
483 1454 550 1496 non
565 1431 733 1520 intelligit,
756 1433 857 1498 inhia
882 1431 1035 1499 omnibus
1056 1431 1134 1496 iicet
1157 1454 1223 1495 non
1247 1453 1311 1496 esse

180 1521 182 1531 '
278 1518 561 1597 coniunctionem,
584 1517 642 1581 sed
665 1519 820 1583 verbumz
849 1541 909 1583 nec
932 1516 1086 1604 Prisciani
1109 1516 1310 1602 aliorumque

301 1604 566 1670 rammaticerum
586 1602 716 1668 decreta
733 1604 772 1666 ad
793 1605 1012 1691 antiquiorem
1035 1624 1130 1667 usum
1155 1608 1309 1691 spectant.

276 1626 329 1752 81.
346 1685 496 1755 Priscian.
511 1693 647 1774 p.1028.
671 1690 777 1753 Vossii
792 1690 970 1755 Aristarch.
984 1697 1013 1752 1.
1031 1709 1063 1775 p.
1079 1691 1153 1764 378.
1196 1689 1308 1752 Postea

276 1783 384 1838 tamen
405 1773 489 1838 facta
507 1784 553 1836 est
569 1777 726 1854 mutatio,
746 1775 836 1850 cuius
853 1775 1013 1862 principie
1030 1773 1234 1839 considerare
1249 1795 1309 1837 nos

276 1870 419 1945 oportet.
452 1859 626 1924 Nimirum
651 1859 705 1923 ubi
733 1861 904 1929 accedebat
928 1861 1027 1928 ultera
1045 1861 1221 1935 sententie,
1242 1860 1309 1922 La·

276 1946 423 2010 tinieam
446 1956 484 2008 ut
498 1945 617 2009 arctius
633 1945 844 2032 copularent,
871 1969 932 2032 pro
959 1946 1189 2016 coniunctione
1214 1965 1308 2008 usur·

272 2029 395 2120 pabant
412 2030 568 2112 verbum,
590 2032 641 2094 cui
663 2053 760 2113 saepe
774 2031 992 2118 respondebat
1007 2043 1132 2094 tumen.
1174 2029 1310 2095 Nihilo-

270 2117 379 2180 minus
395 2115 548 2180 manebat
563 2138 627 2181 una
649 2115 841 2200 significatio
865 2113 1082 2182 consemineis
1091 2141 1105 2197 ,¹
1127 2137 1224 2202 quarn
1250 2137 1310 2178 nos

254 2203 378 2266 ‘verbis
397 2202 563 2266 reddimus
580 2201 729 2287 magnei
750 2202 880 2292 duasne,
905 2204 1028 2267 diversa
1043 2199 1175 2288 quidem
1194 2224 1211 2264 a
1229 2223 1311 2287 par-

271 2287 379 2351 ticulis
399 2287 619 2374 quamquam,
642 2288 705 2352 etsi
715 2313 727 2350 .·
748 2287 805 2352 sed
822 2287 950 2354 verbale
965 2287 1046 2352 illud
1062 2287 1101 2351 ab
1120 2287 1214 2350 initio
1231 2308 1309 2350 seu-

270 2376 391 2438 tentiae
416 2374 559 2458 positum
584 2373 686 2438 ricem
713 2373 950 2460 coniunctionis
975 2374 1129 2458 praestat.
1177 2371 1310 2436 Primus

272 2459 359 2522 euim
377 2459 467 2522 locus
484 2459 512 2523 ei
529 2469 577 2520 est
593 2459 821 2544 assignandus,
846 2459 910 2522 nisi
932 2460 1186 2546 praemittuntur
1207 2477 1310 2521 voca-

271 2544 358 2624 bula,
375 2567 456 2630 quae
472 2545 533 2632 ipsi
549 2541 625 2607 huic
643 2543 742 2606 verbo
758 2544 938 2610 inhaerent.
961 2543 1129 2608 Transitus
1145 2553 1257 2606 autem
1276 2541 1312 2606 in

155 2689 160 2697 .
196 2697 199 2704 ,
271 2629 360 2694 hunc
385 2651 479 2693 usum
502 2631 686 2714 apparatio
702 2627 883 2693 loeisiliius
900 2629 1046 2714 generis,
1069 2629 1160 2692 cuius
1174 2637 1226 2692 est
1244 2627 1310 2692 Cic.

271 2715 310 2798 de
331 2713 470 2800 Harusp.
494 2714 591 2798 Resp.
617 2718 648 2792 9,
671 2717 720 2777 19.
749 2737 851 2800 quum
882 2715 1029 2779 valramus
1054 2713 1149 2792 iicet,
1181 2711 1311 2778 Patren

270 2779 479 2884 ilonscripti,
516 2797 586 2883 ipsi
622 2820 684 2862 nos
719 2821 886 2881 amemus,
924 2812 1040 2864 tumen
1070 2822 1129 2862 nec
1165 2821 1310 2862 numero

267 2884 442 2972 Hispanos
457 2905 518 2948 nec
532 2879 649 2947 robore
667 2881 786 2969 Gallos
800 2921 858 2963 —,
881 2885 943 2950 sed
947 2905 948 2908 ’
954 2887 1089 2972 pietate
1107 2906 1148 2947 ac
1162 2883 1315 2972 religio-

267 2994 310 3036 ne
336 3006 377 3020 -
405 2991 518 3034 omnes
548 2975 671 3055 gentes
696 2970 912 3058 nationesque
927 2969 1182 3057 ,superavimus
1221 2971 1247 3033 i.
1273 2994 1313 3056 q.

268 3055 415 3141 quumvis
432 3055 517 3119 licet.
559 3052 735 3142 Diomedes
752 3077 785 3140 p.
801 3059 876 3136 387.
900 3057 1050 3142 quumvis
1074 3055 1104 3119 et
1120 3053 1199 3119 licet
1215 3054 1312 3120 inter

267 3141 513 3214 coniunctiones
529 3143 691 3205 nominat.
735 3139 787 3203 Cf.
804 3140 961 3212 Priscian)
976 3146 1025 3206 16.
1041 3164 1076 3228 p.
1094 3143 1186 3204 1028.

241 3247 243 3251 '
355 3228 426 3294 ‘cte
440 3259 467 3309 p.
485 3244 565 3296 Rosc.
579 3243 639 3296 rim.
656 3243 700 3306 ll,
715 3243 758 3296 31.
776 3233 895 3311 quoniam
911 3244 1016 3316 'quidem
1030 3243 1106 3295 remei
1128 3244 1250 3312 macepi,
1270 3245 1312 3298 ii-

332 3335 370 3380 oct
387 3328 488 3380 nercule
501 3329 611 3396 undique
626 3345 712 3381 omnes
728 3336 838 3380 terrores
850 3328 1013 3398 periculoque
1027 3329 1188 3396 impendeant
1203 3331 1313 3394 omnin,

330 3423 475 3464 succurram
498 3420 574 3480 utque
596 3413 698 3466 subido.
726 3411 824 3482 virgil.
839 3413 906 3466 rien.
926 3409 951 3478 8,
968 3410 1028 3464 488.
1050 3429 1097 3465 nec
1118 3413 1170 3465 oirn
1190 3415 1248 3466 telo
1261 3419 1313 3482 fe-

330 3504 404 3568 runt,
424 3497 483 3548 iicet
496 3497 589 3566 ingens
605 3498 704 3550 innitor
725 3507 802 3552 antro
820 3507 953 3551 oeternum
972 3498 1071 3550 lotrons
1088 3499 1231 3567 &sangnis
1253 3505 1313 3550 ter-

329 3587 387 3633 reat
400 3582 520 3645 amiras,
537 3587 608 3632 costo
623 3583 682 3633 iicet
695 3583 786 3651 patrui
799 3589 878 3636 senet
897 3581 1050 3648 Proserpina
1062 3580 1147 3634 iirncn.
1182 3581 1312 3650 Quintil.

326 3664 354 3732 6,
369 3662 450 3730 t,15.
466 3682 528 3716 nom
548 3667 710 3734 improbitas,
728 3667 786 3720 iicet
798 3666 947 3720 &versario
963 3665 1069 3722 molesto
1085 3665 1136 3729 eit,
1154 3664 1240 3718 iudici
1265 3669 1312 3718 in-

328 3751 385 3801 viso
407 3757 452 3802 est.
486 3748 530 3813 lo,
544 3749 569 3813 1,
583 3749 625 3802 88.
649 3751 677 3802 in
698 3749 828 3805 comoedia
844 3751 953 3802 monime
974 3750 1164 3814 claudicemus,
1185 3750 1249 3804 licet
1272 3778 1313 3792 -

328 3833 468 3886 Caecilium
486 3842 579 3887 veteres
591 3834 820 3902 ioudidosferont,
840 3837 899 3888 iicet
910 3835 1024 3888 Terentii
1039 3835 1135 3904 ocrr'pto
1145 3835 1181 3888 ad
1197 3836 1313 3906 Scipio-

308 3933 380 3991 'nem
395 3920 548 3986 Africanum
559 3921 715 3984 reserentur.
862 3988 863 3994 ¹

301 4036 304 4042 -
362 3999 490 4069 Sequitur
507 4011 580 4056 certe.
618 4003 672 4056 Cic.
686 4005 768 4057 Acad.
787 3996 872 4071 2432,
889 4003 948 4056 lot.
973 4004 1029 4056 licet
1043 4003 1110 4056 enirn
1125 4005 1193 4058 naec
1215 4007 1312 4074 quivis

323 4085 454 4143 arbitrato
466 4103 511 4139 ruo
525 4087 704 4155 reprehendat,
721 4090 788 4158 quod
799 4108 920 4162 negemus
931 4105 984 4142 rem
999 4087 1079 4140 olium
1094 4087 1200 4159 percipi
1211 4107 1312 4160 poene,

323 4175 389 4222 certe
400 4169 476 4223 ieoicr
490 4171 648 4240 reprehensio
667 4179 714 4228 ert.
1263 4193 1268 4202 ·
