2902 4718
274 345 334 408 116
666 373 673 382 ·
755 329 845 400 IAM.

341 492 367 558 1,
381 486 425 545 to.
444 485 543 560 uiginti
556 484 610 540 tan
622 491 695 539 urunt
702 485 764 554 filio
780 483 885 556 argenti
899 485 1000 541 minius·
1006 493 1070 558 sace
1089 489 1120 545 id
1139 497 1170 545 ut
1189 499 1316 563 matum

340 580 396 632 ium
411 577 453 629 eit.
488 573 599 626 Terent.
615 571 686 622 Eun.
699 567 727 636 4,
737 571 767 637 o,
785 570 810 622 1.
832 572 905 624 credo
919 573 1037 639 equidem
1048 576 1123 628 illem
1137 577 1193 630 ium
1214 580 1316 646 effutu-

339 677 414 724 mn,
438 658 558 710 utillum
574 674 594 708 a
613 674 653 708 me
671 657 773 724 eripiet.
808 655 891 708 Andr.
915 653 983 718 1‚2‚
999 653 1024 708 9.
1051 658 1081 710 id
1101 661 1195 726 uoluit,
1214 680 1260 716 coe
1280 664 1318 714 ric

291 725 295 740 ⁸
341 741 534 813 necopinantis
550 740 824 810 dccisclsognndio,
840 739 965 808 meantis
987 739 1043 792 iam
1062 752 1150 798 orecte
1173 753 1256 810 netu,
1274 747 1318 796 iu-

341 837 411 881 terea
436 824 570 879 oscitantis
594 825 716 894 opprimi.
748 822 767 877 i.
790 823 813 877 e.
843 834 933 879 eructo
961 828 1036 876 mete
1062 826 1149 881 etiam
1178 837 1318 898 sperantes

342 909 443 968 statim.
881 907 883 915 ’

376 1015 547 1066 Bn'rmuunne
564 1015 591 1064 et
607 1011 657 1064 alii
672 1027 754 1079 saepe
770 1011 919 1065 docuerunt
932 1013 987 1064 icen
1010 1021 1069 1066 esse
1083 1012 1249 1080 particulam
1272 1033 1317 1067 ce-

342 1095 459 1152 leritatis
475 1095 600 1164 idemque
615 1093 773 1164 signilicure
794 1097 865 1164 quod
888 1099 983 1150 uelim.
1016 1097 1075 1151 l'id.
1094 1097 1186 1151 Gilan.
1208 1098 1238 1152 in
1257 1099 1318 1152 lud.

293 1225 295 1234 .
340 1180 450 1234 Lucret-
462 1173 620 1232 'llurmenn'⁸
637 1182 672 1233 ad
682 1181 761 1234 Ovid.
770 1179 939 1244 Mutamus.
956 1181 1004 1234 nui
1016 1180 1106 1234 aliene
1114 1185 1238 1251 exempla
1249 1202 1317 1237 con-

342 1265 499 1317 tunduntur.
524 1263 577 1316 Sed
593 1264 665 1316 idem
671 1266 844 1317 Burmannus
857 1283 911 1317 non
920 1267 1056 1318 dubitavit
1070 1267 1105 1319 ad
1112 1265 1214 1320 Lucan.
1221 1267 1250 1352 2ξ
1256 1255 1315 1320 2154.

330 1345 507 1416 ,connariem
529 1345 755 1414 significationem
779 1348 902 1400 tribuere
927 1349 1095 1416 particulae,
1119 1367 1190 1418 qnae
1210 1367 1317 1403 moram

341 1431 430 1497 ipsam
446 1429 595 1482 denotaret.
628 1431 671 1481 Ad
685 1427 1185 1500 ·1‚63.”ntxttmcremetdttatioaen
1201 1435 1317 1486 excludi.

340 1513 434 1581 Neque
450 1513 531 1566 eliter
543 1513 680 1578 Donatus,
697 1517 824 1578 utsupra
841 1512 962 1566 narravi.

355 1667 387 1730 8.
407 1661 493 1730 Haeo
510 1659 695 1750 distinctior
708 1663 868 1752 temporis
886 1662 1066 1753 designatio
1085 1664 1225 1731 efficitur
1248 1687 1314 1754 op-

273 1749 456 1840 positione,
481 1749 671 1837 quq‘unum
694 1760 828 1836 'tempus
852 1751 978 1815 ratione
1002 1751 1133 1817 alterius
1152 1753 1315 1840 temporis
1353 1813 1359 1822 ,

174 1841 181 1845 ’
275 1837 495 1921 distinguitur.
543 1833 582 1898 Iu
607 1837 771 1923 praesenti
788 1832 1003 1922 intelligimus
1027 1847 1082 1901 unt
1112 1859 1215 1904 unum
1238 1839 1316 1920 hoc,

274 1921 484 2008 quodmodo
502 1929 566 2002 est,
588 1929 736 2008 tempus,
758 1931 814 1986 aut
825 1932 996 1986 maturum
1019 1933 1085 1986 tem
1112 1945 1161 1994 us.
1199 1923 1316 2003 'Quare

274 2003 395 2072 indicat
413 2008 486 2070 iam
501 2027 572 2070 rem
588 2007 677 2072 illico
701 2007 842 2072 fuctum:
863 2006 967 2086 eben,
979 2008 1059 2095 glei
1101 2054 1111 2072 .
1152 2009 1192 2074 ln
1215 2029 1322 2095 pree,

274 2093 378 2158 teritis
411 2091 510 2157 rebus
541 2100 615 2174 aut,
651 2093 771 2158 reiecta
801 2093 863 2158 elia
891 2104 966 2157 ante
995 2105 1153 2180 occupatu
1179 2094 1314 2180 opinio-

273 2197 333 2254 ne,
364 2172 601 2242 confirmemus
628 2197 698 2241 nem
729 2175 852 2240 lectam
884 2199 1045 2262 essenon
1073 2188 1148 2242 ente
1176 2177 1315 2264 longum

272 2267 424 2351 tempus,
446 2261 501 2328 sed
525 2262 698 2349 proxime,
717 2272 774 2325 eut
792 2283 863 2324 enm
881 2262 920 2324 ab
942 2272 1092 2326 extrem-o
1109 2261 1163 2326 vel
1183 2262 1315 2348 longius

272 2360 406 2415 remoto
427 2353 578 2437 tempore
600 2344 761 2433 incepisse
784 2341 867 2410 fieri.
909 2345 995 2410 lllud
1018 2347 1208 2434 exprimunt
1230 2349 1316 2412 Ger-

160 2484 164 2496 .
272 2435 363 2500 mani
382 2434 489 2500 verbis
514 2429 704 2509 coerceret,
735 2429 801 2494 hoc
825 2429 930 2495 verbis
950 2431 1070 2513 echon,
1087 2429 1315 2497 clementiore-.-

157 3187 159 3192 ’
269 3209 325 3264 aut
342 3197 540 3285 prolongato
556 3196 700 3284 tempori
718 3195 770 3261 vel
792 3195 928 3278 futuro,
952 3205 990 3260 ut
1013 3197 1096 3283 signi

273 2517 555 2606 quemadmodum
578 2515 651 2579 ium
678 2515 781 2579 hodie
806 2525 855 2577 est
886 2527 954 2580 eret
984 2517 1099 2592 lente,
1132 2517 1204 2579 iam
1230 2518 1314 2582 olim

274 2615 383 2669 autem
407 2605 508 2667 sehon
528 2601 691 2665 emmau.
744 2601 928 2686 Vtrumque
942 2603 1070 2686 ,regitur
1092 2601 1313 2687 oppositionis

271 2691 410 2754 ratione.
455 2689 547 2765 Quae
565 2687 652 2749 enim
670 2685 760 2750 illico
776 2683 869 2757 fiunt,
891 2687 962 2772 ipsa
979 2685 1076 2750 etiarn
1091 2685 1223 2764 hubent,
1246 2709 1312 2774 quo

272 2773 425 2861 opposito
449 2769 664 2835 definientur:
695 2789 774 2850 num
798 2769 916 2834 dicitur
937 2792 988 2834 res
1012 2779 1079 2834 no'n
1097 2771 1223 2853 scrius,
1251 2795 1313 2838 nec

271 2869 407 2948 postes,
431 2879 491 2920 nec
505 2867 579 2919 unte
593 2853 688 2920 facto.
730 2857 838 2940 Atque
855 2864 988 2921 notatur
1004 2853 1069 2920 hoc
1085 2856 1188 2919 modo
1212 2858 1311 2926 etism

269 2943 464 3032 proximum
481 2951 624 3027 tempus,
649 2939 738 3026 quod
755 2939 843 3004 idem
858 2962 928 3005 essc
945 2940 1082 3020 videtur,
1097 2949 1129 3005 et
1144 2943 1232 3027 quod
1250 2965 1270 3013 o

296 3028 408 3092 onitur
431 3037 486 3091 cut
508 3026 685 3112 praeterito
712 3024 855 3112 tempori
885 3025 1048 3110 longiori,
1082 3036 1118 3090 ut
1142 3027 1183 3090 eit
1200 3051 1256 3093 mo
1283 3053 1312 3108 o,

269 3051 365 3176 laud
389 3110 468 3175 diu:
498 3112 554 3177 ubi
573 3111 729 3176 Germani
750 3111 864 3174 dicunt
878 3133 914 3175 ce
938 3112 984 3175 ist
1007 3109 1087 3176 eben
1097 3114 1312 3260 posciacum.-

1121 3208 1173 3262 oct
1196 3201 1311 3266 eodem

269 3287 428 3372 temporis
445 3291 637 3364 momento,
657 3279 757 3346 illico.
803 3279 900 3344 Conf.
926 3302 960 3345 n.
978 3285 1011 3345 7.

370 3416 427 3470 Cic.
443 3417 477 3470 de
493 3418 553 3471 Fin.
564 3416 591 3483 3,
606 3415 632 3481 t,
648 3415 692 3469 26.
709 3417 842 3470 videamur
853 3393 930 3482 nunc
950 3435 1030 3485 qnam
1048 3420 1101 3472 rint
1113 3421 1248 3488 prnmlm
1263 3417 1310 3469 tlte

335 3502 391 3566 leis,
418 3519 484 3570 quac
505 3504 560 3555 inm
579 3503 672 3572 porci,
689 3503 873 3571 consequentia.
914 3501 1021 3555 Lueret.
1039 3502 1065 3568 3,
1081 3503 1140 3557 dli.
1161 3504 1241 3555 drevic
1268 3501 1310 3552 tu

335 3593 375 3638 ert
391 3587 497 3650 sructrn
518 3587 668 3640 lomntleire
691 3587 745 3640 iam
759 3587 857 3654 suerit.-
876 3603 956 3656 neque
975 3594 1033 3656 poet
1054 3603 1174 3654 umquam
1193 3600 1311 3639 reuocare

337 3670 431 3722 licebit.

368 3771 458 3822 Plent.
474 3765 558 3821 llere.
572 3767 599 3834 ὅ,
613 3767 640 3838 t,
657 3769 683 3822 2.
700 3769 754 3822 iarn
768 3772 851 3824 redeo.
871 3769 888 3826 i.
900 3785 924 3824 c.
937 3771 1025 3842 gleicls
1038 3771 1136 3824 hume
1147 3772 1189 3824 iel
1203 3769 1311 3822 coriola

335 3852 401 3906 Vide
417 3853 473 3907 alia
486 3869 512 3919 p.
527 3852 586 3905 115.

369 3955 476 4009 Lucret.
491 3954 518 4019 3,
534 3954 610 4008 loto.
629 3955 677 4008 lroc
698 3963 735 4009 eet
756 3959 868 4010 advom
890 3958 1022 4010 uirentem
1042 3958 1145 4010 trudere
1165 3963 1249 4009 monte
1264 3973 1310 4010 en·

333 4054 410 4102 snm,
425 4042 491 4108 qnod
506 4046 593 4092 tamen
608 4058 625 4092 a
641 4055 739 4091 summo
755 4041 810 4094 tem
824 4043 915 4094 vecie
933 4059 1037 4094 rursum
1059 4040 1177 4092 volvitur.
1212 4041 1309 4096 llorat.

330 4121 389 4188 Art.
404 4129 475 4192 poet.
494 4120 555 4178 468.
574 4139 636 4190 nec,
653 4125 677 4177 ri
691 4131 817 4180 retractus
829 4126 891 4190 cn't,
910 4124 1017 4191 iumfict
1032 4125 1117 4180 demo.
