2846 4724
237 488 398 567 tron.15.
420 484 760 576 quibusdieituresse
786 482 827 550 ad
854 483 999 572 aliquam
1023 505 1095 549 rem
1119 496 1298 573 praestan-

163 593 165 598 ’
206 563 211 582 ⁸
239 576 316 658 dam
340 574 392 654 uel·
414 575 448 639 in
480 573 604 659 aliquid
633 569 864 647 efficiendum,
901 592 955 636 cas
985 593 1085 635 nemo
1116 595 1134 636 a
1168 572 1297 661 legibus

181 709 184 716 .
237 661 459 748 grammaticis
476 659 628 724 aberrare
644 657 783 745 putabit.
828 656 902 736 Qua
919 679 961 721 ex
977 677 1088 721 caussa
1104 659 1202 722 etiam
1219 681 1298 726 ver-

238 749 319 812 bum
341 743 467 811 trabere
487 754 577 810 recte
601 742 813 830 coniungitur
835 763 911 805 cum
934 743 1136 822 accusativo,
1159 747 1216 830 qui
1241 744 1297 810 ef-

155 905 158 912 ,
236 833 381 905 sectum.
405 830 603 912 consilium,
623 829 727 893 finem
750 826 915 914 designate
941 827 979 892 ira
993 839 1204 914 potestatem
1226 831 1297 895 lao-

236 918 332 994 bere,
355 919 393 983 in
418 917 612 982 custodiam
630 912 773 994 habere,
799 913 837 976 ia
857 915 1062 978 memoriam
1086 915 1119 978 Ιι.
1149 915 1187 979 in
1213 937 1296 980 mc-

236 1005 437 1070 trimonium
461 1006 495 1069 Ιι.
539 1002 583 1066 Et
604 1001 640 1064 in
664 999 752 1066 hunc
778 997 917 1062 modum
949 1000 1047 1063 etiam
1078 1000 1226 1065 retinere
1257 1001 1298 1065 irs

230 1091 451 1178 potestatem.
495 1090 662 1154 Praeterea
679 1094 789 1173 potest
803 1085 928 1165 oratio,
951 1085 1002 1149 uti
1012 1086 1082 1149 'iam
1098 1085 1187 1164 dixi,
1211 1107 1298 1150 eon-

141 1235 145 1244 .
234 1175 341 1254 trahi,
367 1175 491 1240 duabus
508 1171 699 1239 notionibus
716 1173 749 1237 in
773 1192 874 1252 unam
901 1171 1103 1252 coniunctis,
1126 1182 1159 1234 et
1182 1173 1295 1257 poetis

36 1711 41 1722 ‘
120 1711 124 1715 ·
233 1688 367 1754 borant.

233 1261 312 1327 licet
337 1260 486 1326 liberiori
512 1259 713 1346 cogitatione
736 1254 789 1335 id,
819 1256 914 1342 quod
934 1255 1061 1320 facturn
1093 1263 1148 1320 aut
1170 1268 1295 1320 statum

235 1358 324 1426 erat,
356 1347 527 1432 designare
551 1345 641 1431 quasi
666 1344 800 1406 deinum
824 1363 875 1406 res
896 1342 1121 1406 conditionem
1147 1342 1296 1428 aliquam

142 1493 145 1500 .
234 1432 334 1512 ineat,
354 1431 405 1495 vel
423 1433 535 1517 aliquo
552 1440 736 1493 moveatur.
781 1427 875 1507 Quae
893 1427 1017 1514 reliqua
1033 1436 1111 1492 sunt
1127 1428 1294 1516 exempla,

235 1528 292 1582 aut
310 1521 477 1604 pertinent
496 1515 536 1579 ad
556 1525 700 1578 mutatae
727 1513 885 1576 orationis
914 1535 1036 1600 genus,
1061 1522 1116 1576 aut
1138 1523 1216 1576 sunt
1239 1536 1295 1578 re-

234 1604 439 1669 centissimas
473 1601 642 1668 latinitatis
673 1599 893 1688 depravatae,
938 1610 994 1662 aut
1024 1598 1213 1685 corruptela
1241 1599 1297 1664 la-

337 1841 394 1895 Cic.
410 1841 445 1894 do
457 1841 526 1910 Lag.
540 1839 616 1893 Man.
631 1838 675 1904 12,
693 1835 737 1897 33.
754 1855 834 1908 quum
848 1843 946 1930 vestras
957 1841 1048 1905 portus
1064 1843 1141 1906 atquc
1161 1854 1216 1891 cos·
1226 1855 1292 1908 por-

301 1935 354 1993 tas,
368 1928 460 1996 quitus
473 1927 555 1980 aiom
569 1933 593 1978 et
608 1922 730 1994 spiritam
747 1923 852 1987 ducitis,
867 1923 894 1973 ia
907 1922 1067 2002 praedonum
1076 1922 1163 1990 foisse
1174 1930 1294 1992 potcsta-

191 2023 194 2027 '
300 2013 464 2068 tem'scs‘ots's.
500 2007 608 2063 Gellius
626 2009 651 2072 1,
670 2006 696 2059 t.
716 2012 812 2061 narrat
826 2024 874 2060 suo
893 2003 1088 2082 temdum-iem
1112 2005 1176 2060 aliis
1191 2009 1221 2060 s'n
1241 2027 1294 2078 po-

302 2104 422 2152 testatem
437 2094 528 2149 visum
546 2099 604 2147 o‘sse
621 2091 833 2157 soloecismum,
860 2092 896 2145 ab
912 2091 975 2145 aliis
997 2091 1140 2144 defensum
1162 2097 1190 2146 et
1213 2100 1293 2148 certa

302 2181 410 2236 ratione
426 2186 454 2234 ot
470 2178 633 2234 auctoritate
650 2184 776 2232 veterum
800 2177 983 2244 scriptorum,
1000 2175 1045 2229 cni
1066 2173 1126 2242 ipso
1141 2176 1220 2231 addit
1239 2195 1290 2231 so-

301 2282 367 2319 num
387 2271 415 2318 et
428 2263 585 2330 posituram.
620 2263 652 2315 ln
669 2262 749 2315 libris
762 2261 870 2333 scriptis
884 2260 968 2314 hodie
985 2259 1088 2331 legitur
1110 2261 1292 2331 inpotentiae.

238 2407 240 2410 ,
301 2350 362 2404 Vid.
382 2348 586 2404 Steinmetaius.
619 2347 724 2401 Eadem
741 2355 784 2402 est
803 2365 849 2401 res
863 2346 892 2400 in
913 2345 990 2400 orat.
1006 2345 1034 2400 in
1053 2346 1129 2398 Vera.
1144 2345 1230 2422 mi,
1245 2344 1291 2402 67.

300 2435 357 2490 Sed
371 2432 397 2500 5,
413 2432 457 2499 38,
472 2433 515 2487 98.
530 2435 560 2486 iss
574 2450 666 2496 aaroni,
675 2440 829 2502 potestatem
840 2440 947 2503 portum
956 2436 1079 2500 satarum
1093 2433 1291 2502 intellegebant.

275 2521 276 2526 ’
301 2521 336 2574 de
351 2522 420 2590 Lag.
442 2516 607 2583 a,1t,ut.
633 2535 690 2570 eom
712 2519 840 2586 optimam
861 2535 917 2570 rem
938 2517 1071 2587 publicam
1090 2534 1143 2570 esse
1162 2520 1236 2584 dico,
1254 2547 1292 2561 -

301 2607 416 2677 quaesit
433 2603 811 2680 iapotsestotemoptimcrum.
839 2600 888 2654 uhi
910 2603 982 2656 cont.
1001 2603 1134 2655 Goarcnn.
1170 2603 1291 2670 Quintil.

301 2690 328 2758 6,
344 2689 372 2753 2,
388 2689 432 2741 29.
447 2705 527 2756 acque
540 2689 608 2739 enim
621 2694 681 2740 aaut
698 2686 823 2739 motusic
837 2693 954 2739 nostram
967 2695 1129 2756 potestatem.
1165 2687 1196 2740 ln
1207 2691 1289 2746 (taes.

282 2761 284 2766 ¹
302 2775 337 2828 Β.
352 2773 405 2826 civ.
422 2772 448 2836 1,
461 2767 506 2823 25.
524 2770 632 2823 codices
654 2769 825 2822 consentiunt
838 2769 867 2822 in
881 2770 976 2822 verbis
989 2771 1018 2822 s'u
1030 2779 1174 2840 potestate:
1197 2790 1289 2842 neque

301 2858 383 2912 aliter
400 2856 428 2908 in
439 2849 504 2908 niv.
519 2853 565 2919 45,
579 2854 613 2919 6,
626 2853 671 2906 12.
692 2843 740 2907 sed
755 2855 782 2920 2,
797 2852 839 2919 14,
854 2852 880 2907 4.
899 2873 965 2923 quoe
981 2855 1081 2924 (auctio
1096 2857 1224 2928 ior-tunna
1238 2877 1290 2912 rs-

125 2943 128 2950 '
231 3005 234 3012 .
300 2940 1290 3012 gine)aeinpoteatotemcuidempoputiromoaiesset.et24,l,13.

302 3024 400 3094 optimi
416 3023 495 3084 libri:
516 3031 547 3078 ut
567 3052 599 3065 —
615 3025 751 3094 pertusio
768 3032 920 3094 potestatem
935 3026 1097 3079 hommum
1117 3034 1189 3080 asad.
1224 3028 1289 3084 vu.

301 3111 376 3164 Max.
400 3110 433 3175 1,
457 3107 490 3175 6,
510 3107 537 3162 ὃ.
572 3110 609 3163 sio
638 3110 706 3164 arim
730 3109 802 3162 Veios
830 3111 859 3163 s'a
886 3116 1039 3181 potestatem
1063 3112 1158 3182 populi
1182 3115 1290 3168 romarii

178 3233 187 3253 .
296 3203 414 3269 fortuma.
1039 3207 1042 3211 '

294 3353 297 3362 .
338 3314 451 3370 Sallust.
466 3312 527 3381 lug.
543 3309 603 3379 11²,
617 3309 644 3366 8.
661 3328 741 3381 quum
755 3311 836 3364 talem
849 3311 934 3364 otram
954 3311 984 3364 s'ss
1001 3317 1157 3382 potestatam
1178 3313 1289 3369 balsia-

299 3408 346 3454 set.
381 3402 460 3454 linet.
478 3399 551 3451 Bell.
571 3397 650 3466 Hisp.
665 3395 749 3464 36,1.
784 3395 887 3450 Omitto
908 3397 1020 3450 nomina
1041 3396 1218 3463 criticorum,
1237 3397 1288 3468 qui

299 3487 334 3540 de
354 3488 408 3540 hac
429 3485 577 3537 vorborum
599 3482 798 3538 constructione
823 3481 1010 3550 disputarunta
1043 3490 1106 3537 sant
1129 3481 1286 3540 innumeris

299 3570 381 3642 pauci
401 3569 536 3623 meliores.
571 3562 907 3632 lactc.1’ntt.a,4,8.
930 3567 1067 3636 pollicetar
1085 3569 1153 3636 caios
1174 3587 1203 3623 se
1221 3587 1288 3640 pro-

298 3657 412 3710 oiuciom
429 3655 545 3708 Goliam
560 3661 721 3707 musiacum
737 3653 765 3704 ιἰι
778 3653 1032 3721 menapopattqae
1051 3655 1156 3706 romoni
1169 3662 1287 3723 potestn-

297 3747 360 3795 tem.
396 3738 536 3793 Differnnt
549 3737 659 3808 quidem
673 3735 756 3804 libri,
773 3742 863 3791 taman
886 3737 970 3792 etiarn
986 3735 1174 3792 accusativum
1195 3738 1287 3793 vindi-

301 3825 426 3880 cabimus
440 3811 647 3894 explicationes¹
656 3826 687 3875 ut
704 3826 777 3876 esset
793 3821 822 3874 in
835 3826 978 3890 potestate.

211 3925 215 3933 ¹
245 3951 249 3960 '
333 3943 466 3996 lamnas
482 3959 534 3996 essa
547 3957 627 3994 nemo
644 3939 720 4004 dixit,
736 3901 1098 3994 'etiamsicorstuscotieam
1113 3941 1286 4010 quorundum

229 4041 231 4050 ’
300 4028 463 4082 anctoritate
480 4028 507 4080 id
523 4027 751 4096 comprobaturus
765 4030 825 4078 erat
839 4024 867 4076 in
889 4024 1003 4079 Sallust.
1022 4024 1081 4080 eat.
1097 4023 1141 4090 51,
1154 4023 1198 4078 36.

333 4147 432 4202 Plau.
447 4148 546 4217 Amph.
561 4147 587 4214 l,
602 4145 689 4216 1,25.
706 4163 813 4200 amaro
830 4145 897 4198 milti
910 4147 938 4200 in
954 4142 1065 4202 mmtsirs
1079 4144 1146 4214 suit·
1178 4143 1285 4202 Bocota
