2846 4724
561 348 700 418 lNFRA.
740 349 769 434 j
983 361 986 365 ’
1090 361 1155 430 877

143 487 145 492 ’
214 503 297 560 culus
310 503 339 558 ln
351 501 457 575 Dignst.
477 503 513 570 a,
525 502 560 570 2,
573 501 600 556 2.
621 504 695 573 luga
716 503 824 573 Aguiiia
843 504 931 574 eapite
946 507 1034 578 prima
1050 523 1158 572 sanatur
1182 541 1188 578 5

131 611 134 620 ¹
178 596 230 644 eta.
265 593 303 644 Et
316 585 395 658 infra
411 590 503 644 deinde
517 595 622 642 meatur
635 595 688 641 eta.
964 617 966 620 ·
1024 607 1029 631 ¹

213 694 293 770 Quid.
309 693 394 747 Triat.
408 691 434 757 2,
449 690 510 746 266.
525 707 661 763 pmaaquar
674 689 801 759 inferivs
814 717 850 728 ··
865 707 941 760 pum
955 708 1047 751 nauare
1062 701 1159 758 animia

172 781 295 834 carminis
309 795 383 832 amne
398 793 490 849 ganas.

191 937 224 996 7.
247 931 297 996 Ne
314 931 348 995 in
366 929 431 994 hoa
443 897 584 1016 xquidem
599 925 760 992 vocabulo
777 937 903 994 veteres
918 897 1157 1023 abstinuerunt,

109 1016 190 1110 quin
204 1018 342 1082 localem
360 1015 533 1079 notionem
552 1013 593 1077 ad
607 1023 738 1102 tempus
756 1008 975 1080 transferrent
992 1029 1025 1082 et
1040 1023 1158 1109 poste.-

107 1116 177 1167 rrus
200 1115 331 1192 tempus
348 1098 580 1186 significarent.
968 1115 987 1150 ι

213 1223 269 1278 cia.
283 1225 363 1278 Brut.
378 1220 422 1285 16,
436 1218 480 1272 46.
501 1217 629 1272 auiusetei
642 1217 743 1272 ineerta
759 1226 819 1272 sunt
833 1225 960 1288 tempora,
976 1228 1064 1276 tamen
1080 1227 1159 1282 annis

176 1309 265 1361 multis
282 1310 340 1378 fuit
361 1314 420 1359 anta
442 1305 600 1358 Romulum:
624 1303 749 1372 simaidem
769 1319 823 1357 aaa
841 1304 1089 1374 insra‘superiarem
1105 1312 1159 1382 ny-

177 1408 288 1461 aurgum
300 1389 365 1461 fuit.
401 1389 517 1458 Quintil.
539 1387 565 1454 1,
580 1385 606 1451 7,
620 1386 663 1458 26.
683 1389 745 1456 guid
766 1388 834 1458 quod
856 1389 985 1443 Ciceronis
1005 1397 1159 1464 temporibus

174 1478 344 1546 paullumqua
360 1477 436 1543 infra
451 1502 485 1514 -
501 1469 704 1544 geminabatur?
926 1501 931 1511 ·

192 1629 223 1691 8.
254 1625 304 1691 De
333 1612 487 1700 mensura
513 1634 548 1692 et,
576 1624 616 1687 de
640 1644 780 1688 numero
812 1647 877 1712 pro
902 1627 1015 1690 minus
1043 1650 1157 1715 quam.

105 1709 205 1779 Laur.
226 1711 317 1776 Valla
337 1733 439 1800 quum
456 1711 605 1796 Elegant·
621 1713 653 1788 2,
669 1711 722 1774 53.
744 1709 960 1798 distingueret
979 1712 1076 1778 verba
1092 1716 1157 1780 ,iu-

106 1807 164 1860 tra
193 1796 318 1883 uiginti
343 1797 433 1881 dies,
461 1806 586 1862 temere
609 1794 739 1880 negavit
765 1794 863 1884 infru
886 1798 1007 1863 referri
1029 1799 1071 1864 ad
1092 1822 1156 1866 nu·

106 1903 249 1948 merum.
318 1923 321 1927 -
863 1891 867 1904 '

210 2003 282 2064 Ptin.
297 1963 371 2058 ntia.
388 2020 415 2056 n.
431 1997 515 2066 17,“8,
527 1996 555 2052 4.
573 2004 646 2050 terra
659 1998 732 2068 infra
744 2004 797 2051 tres
810 1998 889 2068 pedes
903 2001 1011 2068 essessa.
1044 2002 1071 2071 6,
1088 1987 1157 2072 lid.

176 2086 292 2142 latitudo
312 2104 439 2156 nusquam
463 2088 538 2152 iusta
560 2084 612 2136 dua
636 2083 740 2153 iugera.
773 2080 823 2150 18,
837 2081 890 2150 26,
902 2084 945 2138 62.
965 2087 995 2138 in
1011 2105 1069 2141 aum
1090 2093 1160 2146 diem

174 2175 316 2228 tenendam
324 2170 446 2225 'sudiiaita
462 2177 561 2225 uastata
578 2173 652 2234 tata,
671 2168 755 2222 lriame
770 2169 914 2239 pauciora,
933 2189 987 2225 nan
1008 2179 1096 2228 tamen
1116 2175 1159 2230 in-

167 2261 220 2328 sra
236 2273 343 2312 nauena.

190 2413 222 2473 9.
246 2409 338 2473 Loco
357 2405 529 2493 superiore
552 2415 588 2470 etv
608 2403 766 2470 inferiore
788 2404 952 2494 designari
975 2409 1059 2474 solet
1083 2431 1157 2478 ma·
1249 2487 1251 2490 ¹

106 2495 247 2582 gnitudo
263 2505 295 2559 et
311 2492 450 2591 dignitas
465 2513 597 2558 rerum:
620 2502 652 2556 et
666 2491 784 2556 dieitur
800 2515 869 2557 esse
882 2489 979 2582 infra
996 2519 1059 2576 res,
1074 2518 1157 2595 quae

107 2581 179 2646 aliis
198 2591 412 2668 postponitur
427 2588 460 2641 et
481 2577 619 2642 minoris
643 2588 691 2642 est
717 2578 824 2665 pretii.
869 2575 971 2667 Infra
994 2581 1157 2668 dignata-

106 2678 177 2731 tem
195 2676 273 2730 sunt
297 2687 350 2730 res
377 2663 533 2752 dignitate
555 2664 735 2729 destitutae.
782 2663 885 2730 Iura
908 2667 1062 2754 aliquam
1084 2666 1158 2734 rem
1243 2661 1245 2668 ’

107 2763 175 2835 est,
200 2750 305 2838 quise
321 2752 485 2828 continet,
506 2771 568 2814 nea
582 2772 681 2838 supra
696 2773 769 2815 rem
783 2773 818 2815 se
835 2752 981 2829 extollit,
1006 2753 1063 2816 sed
1083 2773 1158 2818 uam

106 2859 149 2904 ne
169 2837 300 2926 attingit
316 2834 459 2922 quidem.
500 2833 604 2924 Infra
618 2836 763 2902 classem
778 2839 950 2922 quomodo
970 2849 1157 2926 usurpetur,
1204 2830 1208 2838 ’

107 2924 250 3014 explicat
274 2923 398 2987 Gellius
416 2926 456 3003 7,
480 2925 530 2986 16.
575 2923 623 2986 De
645 2921 836 2989 discrimine
858 2920 1158 2996 verborum'iufru
1180 2923 1183 2930 ’

108 3021 140 3074 et
158 3009 256 3074 intra
270 3004 346 3073 uide
361 3008 396 3071 in
412 3006 478 3071 hoa
496 3007 668 3072 vocabulo.

213 3130 292 3183 caes.
308 3128 341 3184 B.
360 3127 427 3198 gell.
446 3125 473 3191 6,
495 3124 538 3179 28.
564 3126 594 3178 lii
619 3132 680 3179 aunt
700 3127 885 3196 magnitudine
903 3131 993 3196 paulin
1009 3131 1083 3201 infra
1106 3133 1158 3188 ale·
1195 3185 1198 3192 ,

172 3206 294 3284 anantes.
330 3213 402 3266 Plin.
417 3209 490 3263 nist.
509 3228 536 3264 u.
550 3210 594 3277 28,
607 3211 634 3276 8,
649 3210 692 3263 27.
711 3213 779 3264 altar
795 3213 836 3264 illi
857 3214 965 3280 similis,
985 3218 1096 3272 multum
1113 3220 1157 3271 in·

169 3303 223 3368 sau
237 3299 426 3368 magnitudine.
460 3294 534 3349 Hirt.
550 3299 583 3350 B.
596 3295 675 3348 Alex.
688 3295 732 3362 16.
748 3297 864 3368 reliquae
877 3298 949 3365 infra
965 3300 1034 3354 tana
1049 3302 1157 3373 magni-

175 3385 303 3438 tudinem.
337 3383 379 3434 Da
400 3381 543 3454 huminum
564 3379 775 3449 magnitudines
788 3382 863 3436 curt.
879 3381 905 3448 6,
919 3381 945 3447 8,
960 3382 986 3435 7.
1004 3385 1156 3438 Parmenis-

177 3487 236 3522 nem
253 3497 289 3508 -
308 3467 450 3520 inueterata
464 3467 535 3536 apud
548 3466 643 3517 militae
657 3470 715 3517 tuos
729 3467 883 3522 auctoritate
903 3469 977 3521 tana
990 3471 1100 3523 multum
1114 3471 1158 3522 in·

171 3559 220 3624 sta
234 3551 427 3622 magnitudinis
443 3558 506 3604 tuae
518 3548 665 3618 fastigium
678 3549 808 3616 positam,
825 3553 877 3617 saia
897 3571 950 3604 nan
969 3571 1048 3623 aequa
1069 3555 1155 3606 anima

176 3639 288 3691 satutem
298 3636 356 3705 filii
376 3637 418 3690 sai
433 3636 576 3688 debiturum
596 3634 653 3686 tili.
688 3632 776 3687 Tacit.
797 3635 866 3690 dnn.
884 3634 934 3702 14,
951 3633 994 3691 54.
1013 3655 1078 3704 quaa
1097 3638 1156 3708 qui-

179 3726 237 3778 dam
245 3760 253 3788 ‚
271 3729 302 3776 ut
316 3722 404 3774 amnia
419 3720 561 3786 mortalia,
578 3721 653 3788 infru
666 3725 739 3772 tuam
754 3721 963 3790 magnitudinem
977 3722 1055 3780 iaaet·

212 3824 274 3896 ,Irin
287 3823 331 3891 28,
347 3823 390 3889 ts,
406 3822 431 3877 5.
449 3823 486 3876 sia
498 3838 582 3876 seuam
596 3837 623 3876 se
637 3824 801 3892 perfunctum
824 3823 961 3878 hunanitas
977 3829 1002 3875 et
1024 3840 1064 3880 ma
1084 3824 1159 3894 infra

109 3925 115 3940 ·
177 3919 291 3966 matam
297 3910 356 3978 filii,
367 3909 445 3962 etium
457 3909 499 3961 aui
506 3907 572 3977 fuit.

214 4015 327 4068 Terent.
342 4013 411 4066 Eun.
429 4010 458 4076 u,
478 4009 505 4078 2,
526 4007 570 4063 66.
589 4014 645 4077 taaa
665 4014 802 4080 tatanem
824 4028 873 4082 aga
892 4009 967 4076 infra
982 4027 1035 4064 esse
1055 4011 1161 4078 infimae

171 4100 262 4153 amnis
272 4106 337 4170 puta
352 4097 479 4174 laminam
509 4094 567 4149 cte.
584 4095 662 4151 Orsi.
677 4095 703 4160 1,
719 4092 745 4148 4.
763 4112 825 4147 nam
842 4096 870 4147 in
884 4096 967 4164 puetis
980 4113 1032 4148 nan
1047 4096 1160 4148 Homero

179 4185 231 4239 sati
245 4186 315 4241 baua
332 4189 370 4239 ert
387 4189 486 4240 -aut
503 4181 634 4247 Pindum,
658 4181 702 4235 aad
719 4180 812 4234 tarum
830 4180 1005 4252 autumantia
1021 4181 1065 4236 ual
1082 4179 1161 4234 aran
