2740 4712
254 396 317 466 eae
416 403 422 412 ’
610 457 613 464 Δ
695 387 839 458 nona.
913 489 915 494 Ι

344 551 378 613 7.
397 541 463 610 Sed
477 562 548 608 nan
562 549 691 606 tantum
704 539 744 606 ad
760 541 910 630 superius
925 548 1057 628 tempus
1077 541 1247 629 partieuia
1261 563 1314 607 re·

263 629 377 722 apieit,
398 629 456 696 aad
481 625 577 694 etiam
599 626 792 714 proximam
817 637 947 712 tempas
970 629 1162 713 procedens
1187 638 1223 692 et
1241 627 1313 692 aab·

118 779 122 788 .
191 766 204 798 2
264 737 403 804 aequent
418 711 669 800 complectitur,
692 722 729 778 ut
744 710 964 800 germanicam
983 710 1063 776 eben
1080 711 1126 778 de
1145 735 1203 794 eo,
1231 713 1347 800 quodi

204 807 205 810 ’
266 803 377 870 atatim
392 799 450 878 fit,
473 800 539 863 aive
561 796 673 887 paullo
690 808 778 885 poet.
821 793 1050 862 indefectam
1075 807 1129 862 est
1152 809 1312 888 portma—
1346 793 1347 802 ’

266 885 331 971 do,
351 885 441 978 quod
457 882 542 952 vide.

260 1007 262 1014 '
368 1006 459 1060 Plant·
466 998 590 1067 Tene-8,
605 999 632 1065 1,
645 999 689 1056 at.
706 1001 854 1056 saraam
869 998 912 1054 tto
926 1000 1047 1071 opperiar
1060 1002 1151 1066 mado,
1170 1003 1198 1054 ei
1213 1002 1271 1054 raet
1282 1019 1317 1054 ae·
1347 1072 1348 1080 ἵ

337 1092 403 1146 aiat.
444 1087 476 1142 lu
497 1087 567 1140 aliar
586 1101 655 1138 aeae
676 1085 796 1154 opperiar
818 1083 928 1139 dieitur.
962 1085 1022 1139 Liv.
1043 1083 1225 1150 ru‚15,1a.
1250 1103 1318 1155 arara
1347 1095 1348 1134 t

339 1175 449 1228 naam
468 1177 595 1240 negaret,
621 1156 738 1238 proserta
755 1167 820 1220 aaa
842 1175 981 1240 eampatem
1005 1171 1096 1222 martia
1125 1162 1208 1235 erae,
1243 1171 1317 1232 noda,

337 1255 469 1328 prohiberi
482 1255 561 1308 etiam
573 1269 620 1316 ee,
635 1253 658 1304 a·
670 1253 698 1305 id
712 1251 799 1316 aaa,
816 1255 1049 1320 aerataaaamalta,
1067 1254 1186 1319 diceret,
1207 1261 1267 1308 tara
1281 1254 1317 1306 ir·

222 1353 225 1362 ·
339 1341 428 1396 tettae
445 1366 481 1386 ι-
500 1338 582 1406 inanit
606 1341 659 1390 eta·
772 1337 774 1342 '

375 1437 501 1494 Terentii
511 1439 604 1504 verba,
624 1453 694 1506 qnae
712 1452 739 1504 p.
752 1431 814 1490 etl.
830 1453 864 1490 ex
878 1437 961 1492 Andr.
974 1435 1085 1504 δ,4,15.
1106 1437 1213 1504 attuli,
1226 1441 1317 1494 damea

339 1521 482 1588 medrito,
500 1521 690 1578 etiam'riruul
706 1520 741 1573 ad
758 1525 866 1590 ternpus
886 1521 986 1576 reterri
1002 1529 1123 1590 pareunt.
1162 1523 1255 1578 ovid.
1266 1523 1321 1576 na.

341 1605 385 1672 10,
401 1606 461 1663 δη
478 1623 560 1677 reaper
580 1614 635 1665 erat
648 1606 770 1676 genitae,
787 1607 862 1662 made
873 1606 1070 1676 lmainiraae
1085 1608 1202 1678 insana.
1241 1609 1319 1664 Tacit

342 1689 411 1748 ann.
428 1689 512 1756 ddi.
541 1688 700 1748 viduali.

357 1815 389 1878 8.
416 1811 507 1876 Hane
532 1810 724 1899 particulam
751 1831 822 1874 nan
853 1807 1030 1897 significare
1051 1832 1169 1892 nune,
1204 1813 1322 1878 etiarnsi

178 1914 194 1932 ··
276 1915 342 1982 pro
358 1920 397 1962 eo
415 1907 576 1984 ponatur,
597 1918 657 1962 nae
672 1897 712 1961 de
730 1906 880 1984 tempore
893 1895 1072 1982 praeterita
1087 1898 1244 1984 proprie
1261 1899 1323 1976 diei,

277 1981 334 2044 aed
352 1983 583 2069 quodcumque
608 1983 727 2048 iustum
747 1991 895 2068 tempus,
913 2001 980 2066 quo
1003 1979 1079 2066 quid
1106 1979 1174 2044 fiat
1199 1993 1260 2048 aut
1281 1982 1323 2047 f-

187 2089 190 2096 *
279 2077 370 2132 etum
393 2068 436 2130 eit
457 2077 512 2130 aat
536 2067 706 2141 futurum,
726 2065 759 2130 id
781 2063 873 2132 nuuo
898 2065 962 2129 alio
989 2076 1198 2152 argumento
1230 2069 1322 2154 magii

166 2177 173 2190 ·
280 2151 530 2239 comprobatur,
552 2173 649 2238 quam
667 2149 755 2238 quod
772 2159 908 2238 apparet
921 2151 955 2214 in
972 2170 1012 2214 eo
1028 2171 1109 2231 nau,
1135 2172 1215 2237 quo
1231 2151 1323 2218 neoda

281 2256 355 2300 eum
380 2236 449 2302 aliia
468 2247 655 2323 temporum
677 2235 867 2301 nominibus
891 2232 1078 2309 confertur,
1104 2245 1138 2298 et
1159 2239 1324 2334 germani-

278 2321 322 2384 ‘eo
338 2319 421 2386 tata
442 2353 484 2376 «ι-
510 2319 593 2385 aare
609 2320 765 2385 redditur.
810 2317 976 2406 Significat
998 2320 1087 2391 enirn
1114 2319 1245 2409 alequa
1267 2323 1323 2387 aire

253 2459 254 2464 ,
281 2413 342 2469 ειιό
360 2417 527 2492 tempora,
551 2403 756 2492 aliquanda,
779 2413 812 2468 et
830 2403 871 2467 de
886 2403 1012 2469 duobus
1027 2403 1235 2492 pluribusve
1249 2417 1324 2472 tem·

281 2490 419 2578 paribus
431 2491 524 2556 aliae
537 2526 579 2540 -
596 2490 698 2554 aliae.
742 2488 842 2568 Quod
860 2489 1017 2554 Germani
1039 2489 1159 2552 dieunt
1183 2514 1231 2554 zu
1252 2491 1325 2556 Zei-

283 2585 357 2651 ten,
379 2573 566 2640 referebant
581 2575 685 2640 Latini
701 2572 740 2638 ad
757 2573 894 2638 modurn
912 2575 975 2654 ita,
996 2584 1032 2638 ut
1047 2575 1236 2642 notionem
1254 2588 1327 2641 tem·

282 2661 375 2746 poris
391 2669 632 2757 praesumerent
649 2669 681 2722 et
695 2657 798 2724 aelam
817 2657 1041 2724 definitionem
1055 2668 1232 2728 tenerent.
1273 2663 1327 2726 ita·

284 2765 348 2830 «pue
372 2744 421 2807 bre
444 2755 533 2810 terve
556 2745 691 2841 ponitur
711 2745 751 2806 de
773 2744 870 2808 rebus
895 2744 1024 2809 diverso
1047 2754 1213 2831 tempore
1246 2749 1326 2820 aetia,

178 2875 181 2882 .
286 2829 354 2892 sive
369 2829 409 2892 de
427 2849 492 2892 uua
509 2839 635 2892 aetiana
651 2827 690 2892 ad
713 2826 852 2892 diversae
876 2851 927 2892 res
951 2839 1156 2894 commutata
1181 2831 1261 2896 viee
1283 2853 1328 2895 re-

189 2952 192 2960 ι
286 2911 363 2978 lata.
385 2911 777 3000 imprimiaoppanuntur
794 2914 838 2978 ita
855 2914 951 2980 verba
968 2915 1083 2978 lraa-
1102 2915 1208 2980 illud.
1234 2914 1328 2982 Mada
1351 2953 1352 2970 1

284 2997 352 3076 aie,
373 2996 474 3061 mado
497 2998 546 3064 aie
566 2997 713 3084 loquitar
737 2999 876 3064 rusticus
901 2998 986 3086 apud
1007 2999 1142 3064 Patron.
1163 3002 1223 3080 45,
1242 3007 1274 3066 2.
1297 3001 1327 3064 de
1350 2991 1352 3066 Ι

186 3150 192 3162 ,
282 3082 502 3150 inconstantia
518 3105 630 3149 rerum
647 3081 884 3150 humanarum:
907 3106 970 3148 noe
993 3081 1076 3148 bald
1099 3106 1160 3162 aa,
1180 3083 1275 3152 bald
1288 3109 1328 3148 ra.
1351 3075 1352 3104 ¹

286 3166 350 3232 Sed
367 3167 468 3232 modo
482 3205 525 3220 -
538 3169 638 3234 mado
655 3168 751 3232 etiam
769 3166 808 3234 de
821 3167 917 3232 rebus
942 3169 1021 3256 ipsiu
1044 3189 1235 3254 earumque
1260 3177 1328 3258 pur-

247 3283 249 3287 *
285 3251 516 3320 tibasaiterua
543 3254 610 3318 viee
634 3251 864 3340 apparentibus
887 3251 1052 3318 dieantur.
1101 3253 1177 3318 vid.
1209 3277 1250 3323 n.
1278 3261 1352 3320 1οιῚ

167 3403 169 3410 ⁴
287 3358 370 3420 quae
386 3338 563 3404 sententiae
584 3337 680 3402 etiam
701 3359 761 3424 per
781 3359 881 3424 quam
895 3372 938 3392 -··
951 3349 1043 3417 tam,
1063 3347 1097 3402 et
1112 3373 1157 3388 -
1173 3351 1210 3406 et
1230 3362 1330 3406 enun-

286 3421 360 3488 tiari
387 3433 555 3510 pereunt·
588 3423 741 3488 Ceterum
765 3423 853 3486 nulla
876 3430 946 3488 erat
970 3443 1098 3504 nausea,
1120 3437 1331 3514 quapropter

166 3573 170 3583 ,
264 3505 502 3588 ,Βοεάοτϋηυε
524 3509 718 3598 Synonyrn.⁴
733 3505 775 3571 Τ.
791 3507 823 3572 4.
847 3529 880 3594 ρ.
897 3511 969 3572 276.
991 3507 1235 3594 contenderet,
1262 3533 1330 3574 ma·

288 3589 333 3660 de
354 3631 397 3642 --
417 3591 517 3658 meda
538 3593 681 3678 legitime
703 3602 830 3656 tantum
856 3593 895 3659 de
919 3591 1019 3657 rebus
1043 3595 1236 3682 praeteritis
1264 3595 1331 3666 dia,

288 3675 344 3742 aed
354 3677 413 3747 hae
429 3677 629 3764 proprietate
638 3677 833 3758 oblitterata,
846 3679 941 3742 etiam
953 3676 993 3740 ad
1002 3673 1331 3765 praesentee'reierri.

329 3853 332 3860 ,
391 3796 440 3850 Cia
458 3795 492 3852 de
506 3795 568 3853 Nat.
587 3797 613 3849 d.
630 3796 656 3862 1,
671 3795 714 3862 18,
729 3795 772 3848 47.
792 3797 954 3856 Cattameaa
970 3797 1046 3850 raeda
1067 3797 1132 3861 irae,
1158 3803 1244 3855 meda
1264 3801 1333 3854 utet

351 3879 494 3946 2,19,49.
515 3882 662 3950 primaeque
676 3884 716 3934 eat
733 3907 766 3922 -
783 3882 821 3938 tta
834 3889 960 3942 manetur,
978 3888 1024 3941 at,
1044 3898 1122 3948 paam
1141 3889 1237 3938 terrm
1259 3887 1335 3956 larga

240 4014 243 4021 ,
355 3964 409 4018 iare
425 3966 602 4034 compleverit,
619 3967 719 4020 eaedem
729 3967 807 4022 arada
823 3965 879 4028 tria,
899 3963 972 4016 moda
996 3962 1053 4014 tuta
1070 3978 1103 4014 aa
1122 3969 1261 4032 partitae
1279 3987 1337 4037 apa·

358 4053 405 4100 eet.
438 4047 471 4101 de
485 4047 546 4101 mv.
565 4047 592 4113 2,
606 4045 651 4114 44,
665 4046 708 4101 93.
726 4047 815 4116 quadri
832 4064 917 4100 earam
932 4046 959 4098 ai
972 4047 1069 4098 enatura
1086 4049 1164 4101 meda
1178 4051 1246 4118 lane,
1271 4053 1339 4106 aad·

358 4131 402 4182 iila
419 4125 496 4184 made
515 4138 682 4206 temperatur.
718 4132 753 4186 ad
772 4131 826 4186 Ait.
842 4129 885 4194 le,
900 4125 978 4184 22⁰
1003 4129 1170 4186 aeademiaaa
1198 4137 1340 4190 natatem

356 4219 381 4266 et
393 4213 435 4266 rat
451 4213 575 4282 similem,
593 4215 670 4268 arada
682 4215 747 4280 tua,
765 4217 840 4270 meda
853 4215 923 4268 ittae.
958 4211 1059 4268 catull.
1078 4210 1106 4278 8,
1123 4211 1151 4269 9.
