2866 4716
116 395 120 400 ,
231 349 272 410 aa
591 335 888 436 ι111111111111111.
966 361 975 376 =

210 483 336 563 'Etiam
352 493 493 580 Scaliger
508 492 544 558 in
562 493 651 558 notis
665 492 713 558 ad
736 493 877 558 Varron.
899 491 1011 583 Etym.
1033 515 1072 583 p.
1093 499 1166 562 281.
1187 492 1276 583 Rip.
1332 507 1335 515 ¹

229 579 339 663 ,uscia
368 580 455 644 unde
479 579 574 660 χθὲς,
608 579 681 643 teat
708 590 821 666 postea
852 579 967 645 ueras
1017 582 1261 658 Lindemannus

230 679 339 730 autem
358 664 392 728 in
415 666 500 728 notis
526 664 565 727 ed
589 664 719 730 Festum
747 687 781 750 p.
803 663 877 725 tto.
901 665 1089 732 sanseritam
1118 666 1263 730 formam

180 773 185 794 ·
229 751 305 831 lajas
322 749 494 835 supponit.
525 748 630 827 unde,
657 758 782 813 mutatu
802 769 818 808 a
839 749 872 810 in
892 771 935 824 r,
966 751 1142 816 etadiecto
1165 752 1180 815 i
1203 751 1263 814 de·
1315 783 1320 797 .

228 835 443 902 monstrativo
467 830 591 898 factum
607 833 781 908 sit-isiari,
801 831 889 916 quod
905 833 1002 899 hodie
1021 856 1154 920 quoque
1176 831 1261 923 apud

230 919 329 986 Italos
345 929 440 984 sonet
452 919 560 993 inieris
581 917 662 982 illud
683 928 791 982 autem
806 913 928 1006 ifinale
942 921 1091 984 transiise
1107 920 1141 982 in
1166 943 1208 998 ες
1226 927 1264 982 ut

180 1003 183 1009 ’
227 1006 263 1071 in
275 1003 431 1090 peregri,
450 1024 607 1090 peregre.
649 1002 765 1089 Neque
790 1001 869 1066 haec
894 1005 996 1068 aliena
1020 1027 1087 1070 esse
1105 1003 1263 1086 videntur.

227 1091 352 1162 Littera
368 1111 384 1154 s
402 1087 535 1179 quidem
550 1087 585 1150 in
601 1085 666 1150 hoc
682 1085 841 1152 vocabulo
856 1090 1019 1173 primitiva
1035 1090 1127 1154 redit·
1142 1089 1184 1152 in
1203 1089 1264 1152 lae-

149 1224 152 1226 >
186 1187 193 1258 ζ
227 1185 369 1238 eternus.
411 1174 517 1257 Atque
532 1171 596 1234 hue
612 1173 710 1237 etiam
725 1173 886 1260 pertinet,
910 1174 999 1260 quod
1014 1173 1263 1264 Hesychiusre-

227 1257 311 1336 fert,
331 1255 428 1325 Eleos
443 1278 507 1343 pro
527 1257 600 1356 χῇὲς
622 1256 741 1322 dixisse
758 1255 853 1340 σερός.
889 1301 892 1304 -

307 1365 312 1378 ’
329 1373 382 1426 Vix
401 1389 502 1441 operae
516 1373 635 1441 pretium
649 1379 690 1426 est
701 1391 746 1428 eas
762 1381 983 1440 commemorare,
998 1376 1045 1444 qui
1058 1378 1118 1430 ltere
1132 1379 1167 1430 ab
1183 1341 1266 1442 heren,
1364 1377 1366 1382 ’
1424 1363 1427 1368 ⁴

297 1458 316 1510 1.
333 1473 357 1510 c.
382 1457 508 1523 haereo‚·
524 1455 622 1508 deduci
642 1458 774 1508 maluere.
817 1458 872 1510 rid.
890 1460 996 1524 Apulei.
1020 1460 1054 1510 de
1069 1462 1200 1529 Orthaga
1224 1461 1266 1513 18.

293 1539 406 1594 Martini
423 1540 487 1593 lsex.
516 1541 549 1594 T.
567 1540 592 1593 1.
614 1557 640 1609 u.
657 1538 717 1594 551.
752 1541 881 1608 Apuleius
898 1543 974 1596 addit
993 1543 1065 1594 lraec
1085 1542 1192 1609 ineptae
1210 1544 1266 1606 lueri
1383 1567 1387 1572 ·

188 1675 193 1682 ,
298 1623 358 1677 iada
371 1625 499 1693 perhibent
514 1626 624 1688 dictum,
640 1626 701 1692 unia
715 1625 844 1680 testemur
857 1627 912 1681 dies
927 1628 1048 1680 hodierno
1066 1627 1198 1679 autument
1212 1625 1268 1678 ciue

260 1739 263 1744 ·
293 1706 346 1761 diei
358 1708 465 1762 alarius
480 1708 694 1777 interpellatione.

295 1827 362 1892 'De
392 1826 500 1894 forma
522 1851 640 1918 magna
662 1839 731 1898 erat
763 1831 849 1896 inter
878 1839 1003 1909 veteres
1035 1831 1265 1920 grammaticos

228 1914 462 1986 controversia.
506 1915 725 1994 Quintilianus
748 1917 792 1981 ait
816 1922 852 1992 1,
869 1921 908 1995 7,
924 1922 977 1981 22.
1007 1918 1105 1982 ire-re
1132 1939 1220 1984 nuuc
1240 1933 1264 1980 n

226 1998 345 2062 littera
365 1998 605 2064 terminamus:
634 2014 673 2066 at
696 2013 841 2066 ueterum
858 2003 1062 2066 comicorum
1084 2000 1195 2068 adduc
1207 2001 1286 2086 ,ii-.-

225 2080 444 2148 briaiuvenia
466 2084 564 2150 lteri
584 2084 641 2149 ad
662 2109 724 2150 me
746 2085 887 2150 veuit:
910 2086 999 2171 quod
1021 2086 1113 2150 idem
1129 2086 1265 2172 inepi-

226 2166 323 2232 etoiis
339 2167 506 2254 Augusti,
528 2192 612 2257 quas
628 2191 692 2234 sua
706 2191 811 2234 manu
826 2167 963 2254 scripsit
985 2181 1047 2234 uut
1061 2168 1264 2243 emendavit,

227 2249 503 2338 deprehenditur.
549 2254 639 2339 Ergo
666 2253 859 2334 Quintiliani
883 2263 1122 2338 tempore'una
1154 2251 1264 2318 forme

230 2335 435 2413 leereunes'cio
451 2359 493 2402 an
506 2339 677 2403 communi
703 2356 762 2401 usu
778 2330 990 2404 servabatur..
1019 2337 1131 2401 Postea
1152 2345 1265 2403 tamen
1353 2385 1363 2396 ,

229 2421 395 2518 antiquior
406 2420 518 2494 forme
532 2422 650 2488 iterum
669 2421 797 2488 revixit.
837 2421 906 2486 Nos
924 2430 1136 2486 autemnunc
1160 2443 1203 2486 ne
1227 2423 1264 2488 in

227 2524 433 2570 comicorum
464 2504 598 2591 quidem
637 2505 729 2572 libris
760 2503 931 2593 antiquum
958 2526 1055 2572 usum
1088 2527 1265 2592 agnoscere

253 2608 422 2654 assumusr
443 2610 520 2654 nam
535 2588 660 2654 codices
674 2591 738 2655 scri
762 2591 787 2654 ti
805 2602 837 2655 et
853 2601 1025 2677 utramque
1041 2590 1187 2657 formam
1204 2613 1265 2658 ex-

225 2610 342 2738 iib‘ent
358 2682 390 2739 et
404 2674 439 2738 in
456 2673 712 2761 plurimielocis
751 2679 931 2763 iscrepant,
955 2697 1062 2775 neque
1086 2698 1182 2759 vero,
1207 2676 1265 2742 nbi

226 2758 453 2835 consentiunt,
484 2759 560 2824 iteri
580 2760 825 2827 restituendum·
842 2763 925 2842 erit,
954 2761 1017 2826 nisi
1036 2760 1263 2828 Lindemannc

224 2842 492 2918 eonceeserimus.
506 2845 637 2912 'etiami
652 2845 792 2912 litteram
808 2846 941 2934 corripi,
967 2855 1000 2910 ct
1017 2847 1093 2912 lteri
1105 2869 1169 2937 pro
1185 2869 1264 2913 mo-

225 2926 402 3014 nosyllabo
421 2928 535 3016 accipi.
579 2931 662 2996 Vide
679 2932 774 2998 illum
790 2931 828 3012 ad
847 2930 953 2996 Plauti
969 2931 1061 3020 Capt.
1079 2938 1109 3007 1,
1125 2939 1155 3009 2,
1169 2939 1200 2998 2.
1214 2932 1265 3004 ad

224 3011 346 3100 Amph.
365 3018 454 3090 1,.1,
474 3019 524 3080 16.
567 3014 630 3082 sed
654 3015 783 3095 Mitt,
801 3023 837 3100 1,
862 3021 914 3082 60.
942 3014 1011 3104 ipse
1032 3016 1160 3104 scripsit
1182 3015 1265 3104 quid

225 3095 305 3160 tere
321 3095 481 3174 dixerunt
497 3097 583 3164 tibi?
623 3099 687 3164 Sed
703 3120 802 3166 sonus
822 3101 983 3166 vocalium
1001 3100 1074 3187 ipse
1096 3111 1165 3167 erat
1189 3125 1265 3168 am-

224 3179 353 3267 biguus.
395 3183 481 3248 Nam
505 3183 592 3249 idem
608 3184 827 3266 Quintilianus
844 3191 873 3266 1,
888 3185 920 3269 4,
935 3189 967 3250 8.
992 3207 1093 3249 sonus
1113 3224 1157 3236 -—
1173 3198 1205 3252 et
1226 3187 1263 3252 in

132 3341 139 3351 Ι
225 3265 305 3332 isere
321 3289 425 3358 neque
439 3275 460 3333 lt
473 3269 579 3354 plane
594 3265 699 3418 tregue
713 3289 727 3333 1
741 3267 893 3334 auditur.
925 3269 1049 3350 Quare
1069 3281 1186 3358 poetae
1200 3271 1262 3336 hac

155 3373 158 3383 ·
224 3350 357 3418 lieentia
375 3354 423 3417 1111
445 3354 634 3422 solebanta
680 3364 824 3419 metrum
846 3352 1136 3421 conformandum.
1179 3355 1262 3419 Hinc

223 3433 408 3520 Priscianus
428 3460 463 3524 p.
482 3444 571 3504 1011.
613 3437 658 3503 Iu
681 3457 695 3503 1
724 3460 848 3527 quoque
871 3439 1064 3504 desinentia
1086 3440 1262 3505 inueniuu·
1309 3435 1313 3440 ’

224 3531 283 3586 tur
306 3521 488 3599 adverbia,
523 3523 583 3588 sed
600 3519 720 3610 paucio
744 3523 945 3610 primitiva,
980 3535 1017 3588 ut
1047 3525 1158 3595 heri.
1193 3521 1261 3601 abi,

224 3604 287 3672 iti.
329 3607 469 3674 Dicitur
483 3620 598 3674 tamen
616 3621 649 3674 et
672 3609 783 3674 ltere.
828 3607 997 3674 quenalis
1015 3609 1053 3672 iu
1068 3627 1091 3674 1.
1130 3609 1212 3694 (Sat.
1229 3612 1261 3684 3,

224 3691 308 3775 23.)=
332 3717 385 3759 res
407 3693 509 3758 hodie
530 3695 643 3758 minor
658 3704 725 3775 est,
746 3695 824 3757 dere
848 3716 950 3780 quam
968 3692 1262 3838 suit‚atr1ueea-

224 3773 304 3839 dem
321 3803 400 3844 oras
416 3778 543 3842 deteret
565 3778 698 3864 exiguis
714 3776 857 3863 aliquid.
887 3773 1050 3842 Horatius
1070 3777 1107 3840 in
1140 3775 1163 3838 l.
1179 3775 1261 3856 Ser-

223 3879 363 3924 monum
380 3866 424 3948 (2,
441 3867 471 3942 8,
487 3863 550 3949 8.):
572 3885 654 3926 uam
668 3859 753 3926 milri
768 3863 941 3928 convivam
953 3860 1128 3946 quaerenti
1143 3857 1261 3921 ductus

224 3943 322 4025 itere,
344 3947 417 4011 illic
433 3947 476 4014 de
488 3949 600 4012 media
610 3958 736 4033 potare
753 3944 819 4011 die.
860 3946 929 4010 Alia
954 3965 1046 4008 exem
1052 3945 1104 4043 pla
1123 3943 1261 4007 contulit

224 4029 404 4096 Burmann.
421 4035 460 4096 ad
476 4034 626 4120 Propert.
644 4037 675 4108 2,
693 4034 742 4107 18,
762 4037 791 4096 1.
831 4032 872 4094 At
889 4029 1090 4115 grammatici
1105 4047 1146 4090 ex
1165 4035 1259 4092 mo'rc

225 4135 286 4181 suo
300 4135 372 4182 uon
385 4115 575 4185 dubitarunt
592 4117 750 4185 diversam
772 4118 969 4203 scripturam
990 4113 1033 4179 ad
1055 4112 1260 4199 distinguen-
