2810 4726
120 437 123 444 ,
388 429 389 432 ,
528 347 700 440 ῙήΟΝΕΕει
1064 357 1129 443 641

93 509 126 566 et
141 498 206 566 We
253 519 363 584 erum,
386 501 443 599 qui
458 499 500 566 ed
515 459 630 587 virgil.
646 500 717 570 Eol.
733 502 765 576 4,
779 463 834 570 ds.
854 502 981 592 nullum
999 517 1123 584 eantare
1234 493 1239 502 ’

94 607 211 674 exemp
226 607 283 652 um
306 586 369 666 ait,
398 607 433 650 m
459 607 524 672 quo
549 586 688 734 positive
710 584 821 653 forma
847 587 990 668 adverbii
1021 593 1144 682 louge

91 681 288 759 potestatem
311 669 526 758 temporalem
573 670 675 736 abeat.
725 667 877 739 Defendit
898 685 1007 742 eutem
1033 677 1122 746 huuc

92 776 187 820 usum
203 753 409 820 Burmannus
427 755 466 820 ad
483 755 603 818 Lucan.
620 757 651 834 9,
669 760 742 820 921.
758 756 914 831 miratus,
936 782 1002 845 quo
1020 765 1120 829 modo

90 837 215 905 factum
236 849 334 916 esset,
356 849 392 902 ut
406 839 546 926 longum
564 849 661 926 atque
677 839 737 904 alia
752 841 886 906 uomina
900 840 965 908 loci
981 846 1020 910 de
1035 857 1122 913 tem·
1235 837 1242 850 ¹

90 945 174 1012 pore
186 921 253 988 'dici
270 933 424 1011 possent,
444 924 546 1021 louge
560 933 668 988 autem
686 946 756 989 non
770 937 890 1012 posset.
932 929 1032 1010 Quod
1049 955 1122 998 eae-

89 1031 133 1100 pe
145 1008 277 1086 accidit,
301 1028 416 1072 omnes
439 1007 475 1072 hi
490 1007 549 1072 arri
568 1028 679 1072 verum
694 1021 881 1084 senserunt,
907 1013 964 1076 sed
988 1035 1056 1080 nou
1073 1017 1122 1082 ¹ad

58 1161 61 1168 Ι
90 1095 232 1160 rationes
247 1091 444 1157 retulerunte
467 1112 549 1178 quae
569 1090 701 1179 quidem
718 1108 750 1156 et
771 1094 803 1157 iu
824 1095 893 1180 ipsa
907 1097 1122 1184 significatio·-

90 1197 133 1242 ne
148 1178 227 1242 etin
242 1197 302 1240 usu
323 1177 444 1262 positus
459 1186 546 1241 sunt.
591 1175 654 1239 Sed
679 1178 744 1241 ium
770 1179 893 1266 antiqui
917 1185 1133 1269 grammatici¹

90 1261 213 1346 aliquid
234 1261 457 1324 observarunt.
506 1261 635 1324 Servius
667 1261 706 1323 ad
735 1262 846 1346 Virgil.
867 1267 948 1329 Aen.
973 1273 1023 1348 10,
1046 1275 1121 1334 317.

90 1367 152 1410 neo
166 1345 268 1431 lange
281 1367 345 1444 pru
363 1367 423 1408 neo
439 1344 543 1408 multe
554 1354 644 1430 post,
666 1344 860 1410 adverbium
875 1348 943 1414 looa'
954 1371 1019 1436 pro
1033 1364 1121 1418 tem-

88 1449 191 1516 pore.-
212 1441 358 1515 uultque.
401 1428 513 1514 Neque
530 1429 727 1514 impediebat
741 1430 806 1495 ulla
820 1453 946 1511 caussa,
965 1453 1035 1521 -quo
1054 1440 1121 1503 mi·

90 1533 153 1578 nus
168 1513 308 1599 longum
322 1535 340 1576 a
356 1513 431 1576 loeo
451 1512 490 1576 ad
506 1523 637 1598 tempus
657 1511 908 1598 transferretur,
933 1529 960 1584 et
980 1541 1043 1606 pro
1060 1521 1121 1588 diu
1212 1573 1216 1582 a

90 1597 262 1663 diceretur.
303 1597 387 1660 Nam
406 1596 547 1682 lougrrm
571 1619 589 1660 a
611 1596 671 1660 diu
693 1619 733 1662 eo
757 1596 887 1676 diflert,
913 1605 1003 1688 quod
1028 1605 1121 1684 illud,

91 1683 214 1748 omisso
243 1681 404 1766 temporie
441 1680 619 1753 venabulo,
663 1680 922 1766 magnitudinem
957 1693 1119 1776 temporis

90 1766 266 1856 praedicati
279 1766 429 1844 nomine,
451 1763 511 1828 diu
526 1775 634 1830 autem
649 1765 837 1832 substantivi
853 1771 989 1838 notione
1004 1796 1046 1838 ex
1062 1776 1123 1842 ,p

91 1853 163 1918 mit.
206 1852 289 1916 Hinc
318 1871 395 1916 vero
413 1847 569 1928 efficitur,
593 1857 629 1912 ut
652 1849 791 1935 longum
806 1856 943 1938 proprie
963 1797 1070 1943 signid

91 1935 274 2023 procedens
300 1947 430 2022 tempus
455 1944 485 1999 et
512 1957 561 2000 res
590 1954 648 2020 per
674 1943 803 2020 tempus
835 1937 1033 2022 productus,-
1059 1943 1120 2006 diu

92 2031 220 2107 tempus
244 2043 312 2086 non
332 2019 461 2086 finitum
484 2031 515 2084 et
538 2041 589 2086 res
610 2019 645 2082 in
667 2027 817 2104 tempore
840 2033 1016 2095 monentes.
1065 2027 1120 2091 Sio

94 2105 248 2170 Germani
263 2104 497 2196 sortduuerud
519 2114 551 2169 et
573 2101 776 2168 uuduuemd
806 2102 931 2172 diversa
963 2109 1119 2176 voeabula

1071 1870 1122 1924 eet
1197 1903 1198 1907 =

93 2199 261 2276 usurpant.
305 2191 389 2254 Haeo
409 2201 516 2258 tamen
541 2209 601 2252 usu
619 2209 689 2251 non
709 2209 840 2274 semper
863 2189 1118 2279 distinguuntur.
1237 2207 1240 2218 ’

96 2276 149 2341 sia
168 2275 269 2340 Plaut.
292 2269 388 2360 Epid.
405 2277 436 2350 3,
450 2280 481 2353 2,
495 2275 545 2336 10.
567 2272 668 2336 nimis
684 2271 822 2360 longum
836 2271 968 2360 loquor:
992 2277 1051 2342 diu
1066 2301 1120 2344 me

96 2360 173 2426 estis
189 2358 366 2425 demorati.
409 2358 472 2422 Sed
492 2357 560 2422 aliis
576 2357 685 2420 multis
701 2357 736 2421 in
752 2357 830 2422 loeis
853 2359 969 2446 legitur
984 2359 1044 2425 diu
1060 2362 1122 2428 die
1233 2416 1245 2440 χ

97 2467 188 2512 cere.-
215 2443 285 2508 vide
312 2442 354 2506 Τ.
370 2449 401 2508 2.
426 2466 459 2527 p.
483 2445 556 2506 286.
596 2441 709 2527 Neque
731 2441 829 2530 igitur
853 2445 938 2510 mele
957 2445 1120 2511 diceretur

96 2529 235 2616 longum
250 2527 355 2592 viuere
370 2537 403 2594 et
416 2528 518 2613 louge
533 2527 649 2590 uivere.
691 2523 818 2592 Tamen
841 2531 907 2592 non
932 2529 976 2596 ita
989 2530 1119 2617 loquuti

95 2625 172 2681 sunt
188 2613 235 2678 ele
258 2611 401 2678 entiores
413 2611 571 2688 Romani,
594 2631 737 2695 quorum
758 2632 856 2677 nemo
872 2613 974 2700 louge
994 2625 1026 2679 et
1042 2615 1118 2681 luu-

94 2720 179 2786 gum
210 2635 360 2762 adverbis
394 2696 434 2763 de
466 2707 616 2784 tempore
643 2714 721 2760 usur
746 2700 818 2762 avit.
870 2698 962 2764 Dixit
990 2699 1119 2782 Pleutps

120 2782 229 2859 uidem·
253 2780 353 2848 Stich.
374 2785 406 2861 4,
431 2787 460 2858 1,
483 2716 850 2867 sequestrandum
897 2795 1008 2848 ortum
1030 2786 1120 2854 uenis

94 2806 183 2942 due?
219 2884 271 2932 ΡΑ.
300 2864 535 2952 Lougisaume.
578 2865 620 2928 Et
635 2865 723 2950 quod
738 2865 768 2930 le
790 2867 855 2930 itur·
905 2889 958 2932 eu.
974 2869 1005 2946 5,
1020 2873 1051 2947 9,
1065 2872 1118 2936 52.

96 2952 178 3051 quid
192 2950 395 3037 longiorume
416 2948 615 3024 meministi,
636 2890 813 3027 alienauit,
836 2952 874 3016 iu
892 2953 1013 3038 putria
1035 2952 1122 3020 tua?

95 3058 224 3103 meum
252 3034 390 3098 modum
406 3043 454 3098 est
471 3031 669 3106 formatum,
693 3054 759 3119 quo
781 3034 848 3100 Cio.
875 3057 907 3121 p.
929 3036 1025 3102 Areh.
1043 3044 1071 3113 1,
1089 3045 1118 3107 1.

96 3121 208 3210 quoad
229 3118 424 3206 longissime
436 3128 550 3204 potest
573 3137 665 3180 mens
686 3139 762 3206 meu
783 3120 948 3204 respicere
969 3123 1119 3206 epatium

94 3205 274 3294 praeteriti
287 3203 456 3288 temperiei
496 3201 720 3286 intelligiturs
762 3202 843 3266 tium
858 3207 1026 3292 temporis.
1067 3205 1119 3272 Illi

97 3313 175 3358 vero
192 3290 402 3376 elegantiores
421 3288 539 3352 dixisse
557 3285 705 3350 ridentur
732 3309 857 3374 ongum
880 3289 914 3352 h.
936 3311 964 3354 e.
986 3291 1020 3356 in
1041 3291 1118 3358 lou·-
1214 3297 1217 3306 '

97 3399 176 3466 gum
190 3385 337 3461 tempus:
359 3383 444 3440 certe
460 3372 613 3436 dixerunt
626 3369 778 3462 lougius,
800 3393 864 3460 pro
880 3373 917 3438 iu
931 3373 1077 3464 lougius.

163 3581 165 3588 ,
207 3545 283 3600 caer.
297 3501 367 3595 Bell.
382 3542 448 3612 gell.
462 3540 488 3605 t.
505 3539 547 3594 tl.
562 3543 606 3595 sed
619 3543 707 3611 paullo
718 3542 796 3596 utam
814 3541 918 3612 lougius
936 3544 1118 3613 tolerampae·
1161 3535 1165 3556 ¹

68 3637 70 3640 '
106 3703 110 3711 Ι
164 3646 220 3683 urm
236 3627 373 3698 parcendo.
405 3624 432 3690 4,
447 3625 472 3678 1.
495 3641 572 3693 neque
591 3626 696 3695 lougius
717 3641 785 3678 anuo
798 3641 928 3680 remanere
946 3645 998 3680 una
1018 3627 1047 3682 iu
1064 3629 1118 3680 loeo
1234 3637 1236 3644 ·

162 3714 259 3768 ooleudi
280 3727 370 3764 onusto
393 3711 460 3786 lieet.
493 3709 598 3762 (lornei.
619 3708 700 3764 Attia.
714 3709 740 3774 Ι,
755 3706 782 3760 4.
807 3727 886 3779 oeque
899 3711 1019 3782 lougius,
1040 3725 1119 3778 quoru

133 3845 135 3853 ,
164 3798 259 3852 dietum
281 3800 360 3859 earet,
385 3812 426 3847 eos
448 3793 537 3846 delere
552 3808 643 3862 possut
664 3799 708 3848 eat.
741 3790 1029 3859 taliamentum.
1051 3795 1119 3863 quod

161 3897 240 3948 neque
261 3881 350 3939 urbem
371 3880 403 3932 at
426 3876 526 3931 insidiis
547 3876 648 3944 priuato
672 3876 775 3932 mutua
801 3878 906 3947 longine
924 3879 990 3935 tuest
1008 3883 1119 3950 poterut.

162 3963 244 4030 ortu,
260 3963 326 4017 Met.
343 3959 385 4030 ll,
394 3959 457 4024 2112
478 3960 696 4021 usitandum
712 3962 779 4016 uuor
800 3962 910 4031 uagina.
927 3960 946 4014 i.
963 3978 987 4018 e.
1006 3959 1036 4016 in
1055 3963 1117 4018 lon·
1139 4015 1140 4018 ,

161 4047 232 4119 gina.
265 4047 353 4113 cmm.
365 4043 393 4101 in
409 4045 496 4101 Maec.
513 4039 538 4096 4·
557 4049 612 4098 uu
623 4045 728 4118 lougius
740 4035 837 4103 ennoea
850 4045 934 4102 uiuere
950 4046 1047 4118 dignus
1060 4063 1117 4102 ooo.

745 4195 792 4261 ’86
811 4201 829 4241 '¹
