2846 4724
242 346 307 412 sos
509 399 524 428 ,
680 335 858 419 m„

235 507 283 572 ,et
304 498 342 562 in
363 493 508 559 bostem.
551 488 670 578 virgil.
687 492 769 556 Aen.
793 493 834 570 6,
857 493 934 556 006.
955 489 1064 556 Tacit.
1087 494 1174 558 Ann.
1201 502 1240 574 1,
1261 499 1313 560 67.

249 585 407 650 Ceterum
431 588 568 667 poetae,
597 588 635 642 ut
664 577 699 640 in
724 575 947 642 describendis
978 576 1077 642 rebus
1106 581 1314 668 principium

249 667 351 735 simul
383 667 460 730 cuin
491 664 583 750 snitu
620 661 926 748 comprehendant,
965 686 1173 749 componere
1203 668 1314 732 solent

211 791 213 800 ι
249 753 369 833 verba,
389 747 471 838 quae
486 773 527 814 cx
542 751 577 814 in
592 771 626 812 se
648 749 790 826 ha'bcnt,
815 770 891 812 curn
907 751 1099 814 nominibus
1121 772 1179 838 per
1194 753 1233 818 in
1254 754 1315 817 ad-

240 838 447 928 iungendis:
472 857 555 921 quae
579 835 703 899 librarii
720 856 818 919 saepe
837 833 877 897 ad
901 836 1073 920 aequalem
1088 836 1236 918 formam
1256 862 1315 904 rc·

226 933 427 995 ‘vocarunt
471 921 555 1008 Vide
569 923 724 1001 (tortium
740 919 781 984 ad
797 921 922 984 Lucan.
947 927 987 1002 3,
1009 925 1090 1000 600,
1113 924 1172 1010 qui
1196 947 1315 1010 graeca
1367 982 1370 995 .

253 1018 454 1100 comparat.
519 1034 524 1052 ¹

354 1130 458 1183 Lucan.
471 1123 499 1192 4,
513 1123 574 1179 644.
590 1125 713 1194 insessos
725 1133 799 1180 611111
812 1128 938 1204 egeritur,
971 1125 1007 1193 8,
1021 1126 1082 1180 260.
1099 1125 1134 1190 4.
1149 1125 1210 1182 666.
1227 1129 1316 1187 emisit

323 1216 353 1271 in
366 1228 473 1286 ,agmen
491 1210 539 1264 nbi
557 1210 668 1282 qnidam
683 1203 751 1264 libri
765 1213 882 1302 immisit.
980 1287 984 1296 1
1193 1204 1197 1208 ’

196 1337 198 1342 ’
341 1343 393 1405 10.
414 1339 534 1402 Poetae
559 1355 662 1420 quum
685 1335 832 1398 animare
851 1335 1038 1399 orationem
1063 1355 1156 1400 suam
1175 1335 1314 1414 soleant,

246 1451 314 1508 ea,
338 1445 422 1512 quac
437 1420 503 1484 fixa
520 1429 552 1484 et
572 1421 682 1505 quieta
700 1431 734 1483 et
748 1420 835 1484 facta
852 1420 1121 1508 conspiciuntur,
1144 1422 1201 1485 sed
1219 1433 1316 1488 motu

205 1520 213 1530 '
257 1525 290 1580 et
305 1511 482 1600 agitatione
504 1506 684 1587 exsistunt,
704 1506 749 1570 ita
771 1528 870 1604 saepe
893 1505 1101 1587 describunt,
1121 1517 1158 1568 ut
1179 1505 1249 1572 lieri
1275 1531 1315 1573 ea

198 1652 199 1655 ,
255 1599 426 1666 'videamus
449 1593 592 1677 ideoque
615 1601 707 1655 mota
732 1603 765 1655 et
789 1601 918 1679 agitata.
971 1594 1076 1676 Atque
1107 1591 1189 1658 adeo
1215 1595 1317 1658 verba

258 1706 336 1751 cum
352 1678 536 1747 accusativo
548 1682 813 1758 construuntur,
837 1677 955 1776 quibus
973 1678 1044 1763 ipse
1061 1699 1129 1741 non
1147 1688 1240 1766 aptus
1259 1681 1315 1744 vi-

173 1809 176 1815 ,
259 1771 368 1838 detur.
418 1765 456 1830 ld
479 1764 563 1828 bene
585 1763 687 1828 sensit
710 1763 919 1839 Gronovius,
956 1785 1018 1826 nec
1047 1771 1158 1828 tamen
1186 1765 1316 1830 idoneis

249 1875 354 1923 ¹exem
381 1853 421 1932 lis
444 1849 676 1939 comprobavit
704 1849 740 1914 in
764 1849 907 1924 Diatrib.
932 1873 976 1938 p.
991 1853 1068 1930 666.
1092 1848 1206 1938 (620.)Ι
1225 1862 1258 1915 ct
1278 1852 1317 1916 in

257 1878 397 2011 Elencli.
413 1937 589 2003 Antidiatr.
611 1959 646 2026 p.
665 1939 739 2003 165.
758 1935 871 2024 (tta).
1307 1921 1315 1940 ’

370 2059 442 2114 sm.
455 2057 547 2113 Theb.
563 2056 590 2124 t,
605 2055 710 2110 666111
724 2065 803 2128 terga
818 2062 961 2123 comantes.
994 2051 1055 2108 517.
1081 2031 1168 2124 religa
1181 2059 1273 2124 captas
1287 2057 1319 2107 in

325 2153 407 2217 terga
419 2161 527 2198 sorores.
561 2142 587 2208 6,
604 2141 676 2195 ⁶11.
684 2144 787 2211 lateque
802 2143 831 2194 r'n
847 2149 927 2210 terga
948 2141 1054 2194 solutus.
1088 2141 1192 2193 Lucan.
1205 2139 1239 2205 6,
1254 2137 1320 2194 142.

286 2235 291 2252 “
326 2233 407 2288 crines
421 2232 449 2282 in
461 2236 541 2298 terga
555 2229 661 2281 solutos.
696 2226 739 2279 Cl.
759 2225 935 2296 Oudendorp.
951 2226 985 2280 nd
999 2225 1026 2290 6,
1039 2223 1101 2279 666.

372 2332 442 2384 Stet.
455 2329 546 2383 Theb.
566 2326 592 2394 5,
605 2327 632 2394 6,
650 2328 694 2382 68.
718 2331 747 2381 in
763 2330 898 2383 ardentem
915 2356 951 2372 -
968 2331 1097 2384 moritura
1117 2329 1259 2406 maritante
1279 2328 1319 2383 do

243 2472 248 2490 .
327 2413 455 2470 uxorein
470 2431 571 2483 rogum
585 2414 679 2467 mariti
692 2431 720 2468 sc
737 2413 866 2468 iaciente.
886 2429 888 2437 ⁴

371 2515 473 2571 Lucan.
488 2517 515 2582 6,
530 2515 591 2570 662.
611 2534 689 2570 cruor
703 2519 773 2570 altus
789 2519 818 2570 in
833 2519 917 2572 undas
935 2525 1049 2588 manant.
1084 2517 1268 2572 correxerunt
1284 2518 1319 2572 in

316 2604 410 2680 ¹tendit.
445 2601 560 2667 tt,1ttt.
587 2603 711 2655 adriacas
731 2597 854 2672 spumans
875 2605 1005 2672 Absurdos
1028 2606 1057 2657 in
1080 2606 1175 2657 undas.
1214 2602 1320 2672 virgil.

327 2684 430 2750 66116,
439 2686 466 2739 8.
482 2688 626 2756 adspirant
643 2704 727 2739 cnrnc
740 2688 878 2739 innectam
896 2687 925 2739 h.
934 2705 959 2739 6.
975 2690 1013 2743 sic
1027 2689 1150 2743 1666611111
1165 2690 1207 2742 dic
1215 2690 1317 2744 Ncclst.
1419 2713 1420 2720 ¹

326 2770 369 2827 Gi.
385 2771 492 2825 Certim
509 2773 544 2826 nd
558 2770 661 2826 Lucan.
675 2771 703 2837 6,
718 2768 801 2826 ml
827 2793 832 2800 ·

343 2896 396 2958 11.
421 2892 526 2958 Verba
542 2893 711 2982 ponendi,
735 2893 918 2960 collocandi
934 2914 1037 2982 quum
1057 2881 1233 2980 utramque
1255 2917 1318 2959 ra-

257 2977 385 3043 tionem
408 2978 542 3045 ablativi
559 2989 591 3045 et
607 2981 782 3046 accusativi
804 2980 999 3062 admittant,
1020 2991 1118 3066 atque
1140 2981 1251 3056 locus,
1275 2982 1317 3046 in

259 3085 326 3150 quo
344 3064 424 3152 qnid
441 3075 605 3153 ponatur,
630 3075 663 3129 et
678 3065 791 3146 locus,
811 3065 846 3130 in
864 3088 964 3156 quern
981 3067 1060 3151 qnid
1080 3067 1315 3146 constituatur,

256 3159 347 3215 recte
362 3151 427 3216 dici
447 3151 568 3237 possit,
590 3172 666 3214 usus
684 3153 871 3216 communis
890 3161 922 3216 et
938 3152 1148 3236 quorundam
1166 3156 1315 3237 scripto-

190 3278 196 3294 .
256 3257 335 3300 rum
358 3237 531 3324 singularis
557 3237 762 3302 consuetudo
796 3238 865 3302 aliis
896 3237 1004 3303 verbis
1030 3237 1128 3302 aliam
1160 3238 1315 3302 attribuit

258 3324 563 3402 constructionem,
593 3344 701 3410 neque
724 3316 851 3388 'veteres
874 3323 1088 3388 subtilitatem
1114 3346 1186 3387 cam
1211 3322 1313 3388 aaut·
1377 3343 1379 3350 ·

255 3406 395 3485 bebant,
421 3427 521 3493 quam
536 3408 842 3496 criticisupponere
857 3403 978 3473 solent.
1022 3409 1171 3473 Kritzius
1183 3409 1218 3472 in
1234 3431 1314 3473 ver-

255 3492 306 3557 bis
326 3493 458 3557 Sallust.
477 3494 548 3582 lug.
568 3499 618 3577 17,
635 3497 667 3558 4.
679 3495 718 3558 ziz
737 3494 904 3558 divisione
918 3493 1010 3559 orbis
1026 3490 1141 3560 terrae
1154 3494 1312 3582 plerique
1417 3525 1418 3532 ¹

254 3577 292 3642 in
301 3589 444 3665 partem
455 3581 597 3645 tertium
613 3576 773 3668 Africum
789 3602 947 3667 posuere.
972 3582 1017 3646 ita
1041 3581 1229 3666 distinguit:
1254 3603 1312 3646 ac-

254 3666 401 3729 cusativo
420 3664 676 3752 casusignificari
694 3667 1000 3745 eorumrationem,
1018 3668 1075 3752 qui
1091 3688 1160 3730 non
1176 3687 1251 3730 accc
1276 3677 1312 3732 ta

252 3748 294 3814 ab
311 3750 381 3816 aliis
404 3751 569 3838 tripartita
595 3751 710 3823 divisio
737 3775 754 3815 e
778 3752 840 3838 ipsi
864 3751 967 3840 primi
986 3761 1053 3834 tres
1079 3762 1189 3838 partes
1216 3689 1309 3817 orbis

248 3845 360 3926 terrac
374 3836 496 3902 faciant
514 3860 550 3901 nc
565 3837 681 3902 tertiae
727 3836 845 3902 fricam
863 3838 1055 3924 assignent:
1080 3837 1221 3902 ablativo
1240 3861 1311 3935 po·
1417 3875 1418 3907 i

250 3921 315 3986 sito
334 3922 638 4010 eos'intelligendos
656 3944 736 4004 esse,
762 3924 819 4010 qui
835 3922 955 3987 factam
977 3925 1043 3988 iam
1060 3922 1099 3986 ab
1125 3923 1194 3988 aliis
1219 3925 1309 3988 divi-

177 4005 179 4013 ’
244 4006 382 4072 sionem
405 4020 598 4094 sequantur.
641 4005 731 4074 Hac‘c
752 4008 851 4074 nimis
874 4009 1006 4073 subtilia
1053 4017 1343 4074 6161666616.ι

248 4091 368 4157 Omnis
384 4079 465 4157 ba'ec
477 4109 530 4162 res
551 4096 592 4160 ad
609 4114 708 4160 usum
725 4091 828 4177 redit,
851 4118 870 4160 a
887 4116 955 4181 quo
974 4032 1166 4160 Sallustium
1191 4117 1306 4160 16666-
1318 4095 1336 4123 “

189 4176 732 4248 Ι·116661166611116166011611
754 4179 988 4247 cstcredibile.
1031 4179 1308 4269 Augustini,·qui
1416 4225 1417 4232 .

1411 4497 1416 4700 l
