2846 4724
254 339 318 432 Ιεοο
565 444 568 452 Ι
754 351 811 419 m.

242 509 439 596 cipiantur,
464 506 627 594 recipiunt
642 506 937 596 praepositionem.
981 505 1035 571 Sic
1053 504 1168 572 Cicero
1184 507 1225 573 ad
1240 495 1309 574 Att.

252 601 341 676 ’1,3.
368 593 592 674 defendisse,
626 595 717 681 quod
746 595 928 682 scripsisset
959 591 997 656 in
1018 593 1189 660 Piraeea:
1226 593 1311 660 Non

174 687 178 697 ¹
253 681 346 748 enim
366 681 430 760 hoo
452 689 491 742 ut
512 678 642 766 oppido
664 679 869 767 praeposui,
901 677 962 744 ced
985 689 1024 742 ut
1047 679 1132 745 Ioco.
1157 715 1200 733 -
1231 677 1329 770 No-¹

252 779 363 832 strum
378 763 515 854 quidem
529 767 561 830 si
575 777 625 831 est
635 778 839 852 peceatum,
859 765 954 831 ineo
974 775 1043 847 est,
1063 763 1154 854 quod
1174 777 1312 831 non‘ut
1415 823 1416 826 ,

255 853 299 918 de
319 849 448 938 oppido
472 851 626 938 loquutus
650 874 745 933 cum,
771 849 833 917 sed
855 861 894 914 ut
914 850 957 916 de
979 850 1064 916 loco.
1108 851 1222 938 Neque
1245 873 1310 916 au-

200 985 204 993 .
255 939 366 1004 diendi
382 937 611 1008 suntAlvarus
636 948 669 1003 et
691 937 899 1014 Perizonius,
923 937 980 1024 qui
1002 937 1108 1002 rarius
1132 938 1310 1025 praeposi-

153 1031 196 1088 ,’
254 1023 533 1102 Ιίουεωυὼίιιῐη
554 1024 747 1088 nominibus
768 1023 845 1088 addi
868 1023 1064 1088 docuerunt.
1093 1025 1312 1090 vid.Ruddi-
1416 1027 1417 1032 ’

253 1109 368 1176 mann.
384 1115 415 1175 2.
435 1131 468 1198 p.
484 1111 558 1174 279.
583 1121 616 1174 et
633 1111 770 1175 Vossius
796 1109 837 1173 de
862 1111 995 1175 Constr.
1018 1111 1073 1174 42.
1097 1133 1133 1198 p.
1151 1112 1228 1176 469.
1251 1111 1311 1197 qui

253 1197 408 1262 Plautum
430 1205 549 1259 testem
578 1195 684 1262 affert.
741 1196 952 1260 Recentiores
986 1206 1097 1259 autem
1126 1198 1309 1284 scriptores

254 1281 354 1347 etiam
374 1280 436 1345 alia
460 1281 596 1347 nomina
613 1281 652 1346 ad
677 1280 762 1347 hanc
787 1280 933 1346 formam
954 1281 1103 1368 redigere
1126 1303 1311 1348 consueve-

253 1377 351 1450 runt,
372 1367 558 1431 necminus
582 1377 710 1455 poetae.
754 1366 911 1431 Ceterum
937 1369 1075 1432 nomina
1100 1367 1312 1432 urbiumca..
1417 1361 1418 1432 J

192 1512 194 1516 ,
253 1476 329 1520 rere
349 1474 418 1516 non
434 1464 572 1540 possunt
588 1455 849 1540 praepositione,
870 1453 926 1518 ubi
944 1475 1088 1531 nomen,
1111 1453 1201 1540 quod
1222 1453 1311 1519 adii·

236 1611 239 1618 *
256 1541 285 1604 ci
297 1537 444 1614 debebat,
464 1538 697 1626 appellativum
710 1539 887 1626 praecedit.
912 1537 950 1602 ln
961 1539 1094 1626 reliquis
1104 1540 1310 1623 nominibus,

137 1659 140 1672 ·
256 1627 356 1690 etiam
371 1634 546 1698 terrarum,
565 1624 750 1689 orationem
763 1625 956 1690 moderatur
968 1624 1057 1689 verbi
1075 1637 1209 1690 naturas
1226 1649 1309 1692 nam

256 1711 321 1776 dici
340 1720 472 1797 poterat
497 1709 705 1786 Sardiniam
730 1711 843 1782 uenire
869 1711 909 1775 de
935 1711 1057 1790 classe,
1082 1721 1113 1775 et
1135 1711 1310 1800 navigare

253 1799 462 1886 Aegyptum.
503 1795 548 1860 Et
564 1796 700 1861 nomina
723 1796 896 1862 adiectivae
911 1794 1121 1861 formationis
1136 1807 1212 1886 apta
1228 1809 1309 1861 sunt
1418 1791 1419 1804 ¹

253 1876 511 1971 praepositioni.
567 1882 782 1948 Grammatici
812 1905 890 1948 vero
923 1882 1144 1970 praecipiunt,
1182 1882 1309 1948 insulas

253 1969 306 2034 vel
322 1978 518 2057 propterea,
542 1967 637 2054 quod
651 1959 829 2033 commun'e
845 1990 968 2034 nomen
986 1968 1130 2032 babeant
1154 1989 1230 2032 cum
1247 1990 1310 2032 ur-

254 2054 369 2136 bibus,
391 2053 444 2118 vel
461 2053 550 2139 quod
567 2074 686 2140 parvae
701 2055 785 2137 sint,
802 2053 938 2119 urbium
955 2055 1078 2133 instar,
1100 2052 1191 2118 nudo
1208 2075 1310 2118 aceu-
1419 2065 1420 2070 ’

253 2142 359 2207 sativa
375 2138 548 2224 designari.
579 2137 645 2204 vid.
660 2139 782 2206 Bremi.
798 2140 838 2205 ad
856 2139 988 2206 (lornei.
1005 2139 1091 2205 Mitt.
1110 2145 1139 2219 1,
1159 2144 1189 2204 1.
1226 2141 1310 2204 Par-

253 2227 336 2292 vitas
353 2235 461 2289 autem
475 2224 658 2289 insularum
678 2226 713 2290 in
739 2223 825 2290 bane
849 2226 1144 2292 considerationem
1168 2227 1309 2312 prorsus

253 2311 456 2393 convenit,
484 2309 541 2374 sed
561 2310 686 2376 insulae
712 2321 745 2376 et
767 2312 1087 2392 terraesmaritimae
1118 2332 1157 2375 co
1182 2312 1309 2396 itantur

253 2407 292 2462 ut
315 2396 408 2474 loca,
438 2393 481 2462 nd
504 2416 588 2484 quae
610 2419 709 2464 naves
733 2397 904 2487 appellunt
927 2407 961 2464 et
988 2397 1029 2466 sd
1048 2417 1129 2487 quas
1154 2333 1311 2484 dirigitur

255 2503 383 2550 cursus.
611 2543 617 2550 ,
1086 2529 1089 2535 -

355 2631 424 2689 cic.
436 2633 511 2688 Phil.
536 2633 571 2700 2,
586 2596 639 2698 28,
653 2630 696 2688 08.
719 2635 825 2688 domum
845 2639 917 2689 tuam
939 2641 965 2689 ts
985 2633 1091 2690 introire
1107 2634 1214 2705 putas?
1251 2633 1309 2688 Sed

322 2716 474 2784 Tusc.b,4,
483 2718 525 2772 10.
544 2721 665 2771 Socrates
677 2718 779 2786 primus
788 2719 981 2789 philosophiam
997 2747 1032 2761 -
1045 2727 1071 2773 et
1084 2721 1113 2772 in
1128 2721 1239 2773 urbibus
1253 2721 1308 2772 eol-

277 2793 280 2800 *
323 2805 432 2866 beavit,
449 2810 473 2856 et
489 2803 517 2855 in
538 2803 626 2856 domos
641 2803 719 2856 etiarn
741 2803 895 2858 introducit.
929 2803 991 2858 Liv.
1007 2802 1034 2869 4,
1047 2804 1089 2869 13,
1104 2803 1131 2856 9.
1149 2806 1202 2858 teia
1214 2807 1242 2858 in
1259 2806 1310 2858 do-

256 2915 260 2924 ·
320 2907 393 2942 mum
414 2885 508 2939 Maelii
529 2887 648 2952 conferri.
683 2885 776 2939 hlium
797 2886 883 2941 babet
901 2887 1036 2946 rationem
1053 2890 1170 2942 verbnm
1192 2891 1309 2943 innuite.

324 2972 438 3025 sueton.
459 2970 539 3025 Caes.
563 2968 607 3023 18.
629 2971 683 3025 nisi
699 2973 822 3043 priuatus
842 2972 973 3030 introisset
996 2975 1093 3028 urbm.
1135 2973 1180 3029 81.
1206 2975 1310 3034 introiit

323 3072 431 3109 cursum.

358 3156 449 3211 Plani.
462 3157 565 3211 Bacch.
584 3156 653 3232 23,
668 3158 695 3212 1.
715 3159 759 3214 ito
779 3158 809 3213 in
829 3159 978 3220 ,Peraeam
1011 3161 1093 3217 Masi.
1112 3161 1179 3228 1,1‚
1196 3159 1240 3215 03.
1257 3175 1310 3234 ego

324 3244 363 3297 ire
380 3243 408 3295 in
423 3244 562 3297 Piraeeum
579 3245 645 3298 uolo.
998 3265 1000 3272 ·

354 3343 415 3400 Liv.
429 3343 475 3410 42,
489 3343 533 3410 22,
546 3343 573 3397 ὃ.
597 3345 622 3400 si
642 3364 692 3402 non
712 3354 775 3404 unte
794 3347 855 3402 idue
874 3347 1016 3403 novembres
1036 3348 1065 3402 in
1084 3347 1173 3402 urbem
1196 3346 1309 3400 uanam

322 3428 466 3485 introisset.
849 3437 853 3448 ’

356 3531 419 3585 biv.
435 3531 487 3599 40,
506 3531 600 3598 4,10.
616 3492 729 3589 redituri
747 3535 776 3588 in
799 3535 1017 3590 Thessalonicam.
1050 3532 1110 3587 Non
1128 3535 1169 3587 est
1193 3529 1309 3584 delenda

322 3617 496 3686 praepositio.
531 3615 601 3674 Nam
615 3618 734 3674 nominis
750 3620 841 3687 farma
859 3627 901 3674 est
914 3614 1070 3684 adiectirs,
1087 3622 1119 3672 nt
1140 3619 1168 3670 in
1189 3617 1307 3668 Aharn-

321 3703 420 3760 idriam·
1313 3701 1316 3708 ἱ

318 3839 321 3846 ·
357 3791 450 3861 Plani.
471 3805 551 3860 cure.
571 3795 606 3872 4,
628 3804 662 3872 4,
687 3805 823 3860 artatam
845 3825 922 3876 quum
944 3804 1052 3860 aduenis
1074 3805 1104 3858 in
1130 3804 1306 3875 Epidaurum.

322 3887 424 3957 11112,
439 3891 466 3956 1,
480 3889 524 3949 35.
543 3892 593 3944 huc
607 3891 714 3945 incitam
729 3891 862 3958 mutierem
876 3891 1043 3968 inh'phesum
1058 3890 1175 3946 advehit.
1200 3886 1306 3942 Bacch.

322 3973 663 4048 28,12tt.senesibitin
677 3975 817 4048 Ephesum.
870 3993 875 4004 ¹

358 4076 451 4132 Plani.
466 4080 546 4164 (ipro.
562 4078 597 4144 2,
610 4077 642 4144 3,
656 4075 700 4132 00.
718 4087 809 4148 roget,
823 4078 886 4147 quid
903 4079 1005 4132 uoniam
1023 4078 1140 4132 Cariam.
1157 4075 1207 4130 hed
1223 4093 1251 4130 v.
1263 4073 1306 4129 50.

328 4161 358 4214 r'n
381 4163 496 4220 Cariam
520 4166 597 4220 Pers.
611 4163 646 4232 2,
663 4161 696 4228 0,
711 4161 738 4215 7.
759 4164 836 4218 meras
853 4179 924 4220 mesu
938 4181 978 4220 sne
994 4164 1128 4218 Eretriam
1142 4163 1220 4218 misit.
1250 4158 1306 4214 cic.
