2856 4722
193 305 351 386 'aer
495 341 499 352 =
603 297 857 412 struere.

359 437 451 546 rieul
466 468 553 522 uuo.
566 469 593 536 1,
611 468 638 533 r,
652 468 698 526 ro.
715 483 719 508 ·
735 490 780 542 ο...
819 435 875 528 ru
887 491 948 528 ...ι
968 473 1057 528 eurr
1090 491 1134 530 a.
1170 476 1245 533 ιιι...
1266 478 1314 532 ι..-

323 566 366 613 tra
378 556 483 619 maim,
500 556 541 608 uti
550 573 630 626 prope
645 559 758 612 adelitit.

358 660 471 714 Sueton.
487 646 569 712 Gall).
585 658 611 712 8.
631 661 774 728 acciditque
787 668 818 713 ut
831 679 910 730 quum
925 663 1084 731 procinctam
1104 664 1238 734 ingrcreur
1258 682 1311 718 ra-

325 746 457 807 crificaret
471 744 544 796 iutra
560 745 649 798 aedem
661 745 793 813 pullicum
807 751 859 798 etc.
894 746 942 798 ulti
964 747 1135 816 Oudendorp.
1170 748 1214 802 14.
1235 751 1310 804 itura

206 838 208 843 ’
319 830 455 902 palatium
475 829 626 906 habitantes.
662 828 752 898 cattg.
773 828 816 882 tt.
836 839 907 884 etaue
929 837 1106 914 tautummodo
1128 835 1199 888 iutra
1221 837 1309 904 porti-

324 931 382 969 cam
404 913 525 967 mediam.
546 913 564 965 i.
582 930 606 965 c.
622 929 676 964 non
698 912 726 965 in
749 914 889 968 tribunali.
923 917 994 970 Plin.
1012 916 1086 988 ilict.
1101 937 1129 978 ιι.
1143 919 1187 988 22,
1203 919 1248 986 25,
1262 919 1310 974 10.

322 1019 354 1056 cu
371 999 510 1068 (ulcere),
533 1017 599 1068 puae
613 999 684 1051 iutra
703 1017 731 1052 oe
748 1007 824 1064 taut,
840 1007 952 1070 purgat.

357 1103 430 1156 Ptin.
446 1101 519 1156 iiiut.
538 1121 564 1156 n.
581 1099 625 1166 25,
641 1101 667 1167 1,
682 1102 707 1154 1.
718 1084 854 1155 ιιιιηηιιιιιι
875 1121 938 1173 opue
951 1105 1118 1174 ingeniorum
1132 1107 1179 1159 diu
1193 1106 1248 1160 ium
1261 1108 1309 1160 lior

315 1191 389 1258 fuit,
409 1196 437 1241 ut
451 1187 524 1240 iutra
540 1189 746 1254 unumquemque
759 1195 827 1240 recte
839 1192 915 1257 sacta
931 1196 1045 1241 ueterum
1058 1191 1182 1258 perirent.
1211 1223 1216 1229 -
1303 1177 1306 1184 Ι

359 1289 584 1346 'recitaturo
602 1292 729 1344 retentem
751 1291 836 1359 iprum
859 1299 882 1342 et
904 1308 979 1358 quern
991 1293 1080 1361 pridie
1101 1293 1254 1346 recitaverat
1272 1293 1308 1346 li-

221 1384 223 1390 '
323 1378 402 1430 trum*
416 1377 487 1428 ietru
502 1393 594 1428 manue
615 1376 752 1426 habentem
775 1375 998 1442 deprehendimur.
1034 1378 1069 1429 tle
1091 1394 1151 1447 quo.
1166 1377 1226 1430 loco
1248 1377 1306 1431 dixi

322 1479 350 1529 p.
365 1457 425 1512 388.
446 1461 540 1528 Veget.
564 1458 598 1510 de
618 1459 661 1510 Re
683 1457 742 1510 mit.
755 1457 780 1523 3,
795 1457 838 1520 23.
862 1461 990 1513 Vreiliaru'
1004 1463 1031 1513 iu
1052 1465 1153 1531 Africa.
1187 1462 1238 1515 Vir
1252 1463 1307 1516 tio-

324 1551 383 1600 clur
396 1544 551 1598 inMircell.
562 1545 627 1597 Oba.
644 1545 679 1596 Τ.
688 1542 713 1595 9.
733 1560 759 1610 p.
767 1541 810 1595 91.
829 1545 1000 1598 commendat
1016 1546 1162 1600 lectionem
1178 1547 1305 1600 codicum

321 1631 502 1702 quorumdam
530 1631 603 1681 intra
625 1627 756 1696 Africum.
781 1627 816 1692 ,3,
839 1628 881 1682 10.
907 1648 933 1698 p.
948 1628 992 1682 iit.
1015 1633 1087 1684 iutra
1110 1632 1222 1685 Galliae.
1255 1631 1306 1686 uhi

323 1715 372 1771 alii
389 1715 465 1768 codd.
480 1715 546 1766 iuter
563 1713 681 1776 Gallice,
699 1719 730 1766 ut
743 1712 850 1766 uariunt
867 1715 895 1766 in
917 1714 1004 1768 Tacit.
1021 1715 1094 1770 niet.
1113 1716 1197 1782 211.
1229 1717 1305 1771 utut

320 1799 434 1872 probari
449 1816 502 1851 non
514 1803 619 1867 potert,
635 1798 688 1850 hoc
706 1799 779 1867 apud
794 1800 878 1852 talem
893 1798 1054 1868 scriptorem
1069 1820 1122 1855 aon
1138 1802 1262 1856 olfendit.

334 1939 368 2003 t.
396 1936 481 2008 Sunt
504 1934 685 2017 formulae,
717 1958 800 2024 qnae
822 1945 996 2026 utrumqne
1018 1940 1304 2024 praepositionem

253 2024 371 2092 eodem
401 2041 479 2087 ¹cum
509 2043 608 2087 sensu
639 2023 815 2110 recipiunt.
864 2023 908 2087 Ia
936 2023 1127 2110 praecidite
1155 2025 1237 2110 (Cio.
1267 2047 1302 2112 p.

255 2112 335 2198 Leg.
351 2115 382 2190 9,
400 2107 469 2192 28.)
494 2118 526 2172 et
542 2109 637 2174 iutra
648 2108 832 2194 praesidia
850 2111 957 2194 (Caes.
973 2109 1011 2174 Β.
1029 2110 1090 2174 οἰι.
1110 2115 1141 2186 8,
1156 2115 1210 2175 83.
1232 2110 1303 2180 Lir.

252 2201 306 2280 25,
323 2201 376 2274 24,
397 2199 461 2274 15.)
478 2194 515 2259 ia
532 2194 656 2260 caetris
680 2205 712 2258 et
727 2194 822 2259 intra
839 2207 967 2260 caetra.
1012 2194 1076 2260 Sed
1093 2195 1182 2261 conf.
1202 2219 1235 2260 n.
1253 2201 1302 2261 18.

367 2316 477 2369 Sueten.
502 2315 579 2366 Caes.
600 2313 642 2368 to.
664 2333 742 2384 quum
756 2344 790 2356 -
812 2315 941 2382 Afraniae
960 2323 983 2369 et
1007 2316 1121 2368 Petreiue
1136 2318 1304 2387 ‹leprelteurot

319 2404 390 2456 iutra
407 2409 495 2455 caetra
509 2401 625 2454 Iulianae
639 2403 728 2455 cubita
738 2401 900 2471 poenitentia
915 2401 1109 2467 interfectorem.

334 2543 367 2606 5.
390 2533 576 2624 Aliquando
596 2527 700 2602 vieuin
720 2548 768 2602 est
785 2537 905 2602 criticis
920 2537 1017 2602 intra
1040 2537 1138 2602 etiem
1163 2559 1227 2625 pro
1245 2533 1303 2602 iu-
1405 2535 1406 2553 ¹

251 2637 304 2693 ter
329 2626 369 2691 de
392 2625 527 2712 regione
549 2624 622 2688 dici.
668 2624 760 2687 Vnde
784 2625 871 2709 opud
896 2624 1023 2688 Livium
1050 2629 1079 2702 1,
1096 2629 1149 2704 26,
1168 2631 1217 2689 11.
1249 2625 1304 2689 uel
1404 2645 1405 2659 ¹

251 2724 349 2779 extra
369 2709 601 2798 pomoerium,
625 2708 726 2773 modo
751 2710 846 2774 intra
869 2710 1026 2796 sepulcra
1053 2708 1301 2775 Curiatiorum.
1403 2737 1404 2760 ι

251 2798 341 2885 qu'od
361 2806 442 2859 esset
458 2816 498 2856 ex
515 2793 576 2858 hnc
592 2795 753 2860 sententie
768 2795 802 2860 in
818 2797 952 2881 regione
969 2795 1211 2881 sepulcrorum.
1256 2797 1302 2861 Et

249 2891 386 2973 possent
401 2903 448 2960 en,
471 2901 552 2966 quoe
568 2881 670 2944 modo
689 2904 721 2945 n.
738 2886 770 2946 8.
790 2881 894 2966 attuli,
914 2881 1112 2970 comparari.
1143 2883 1185 2946 At
1204 2882 1301 2968 opti-

249 2969 297 3034 mi
312 2968 389 3034 libri
405 2965 527 3031 hnbent
542 2965 633 3031 iuter
646 2966 814 3054 repulere.
879 2967 882 2976 ’

333 3099 364 3160 6.
387 3095 493 3182 Supra
512 3093 577 3158 inm
600 3093 667 3158 dixi
691 3085 839 3159 conferri
863 3115 939 3159 oum
961 3095 1057 3159 iutra
1078 3116 1174 3182 saepe
1198 3116 1298 3182 posse
1399 3163 1400 3182 ¹

248 3180 454 3260 cie‚'.citra,
476 3191 530 3244 nut
554 3202 617 3267 pro
645 3202 684 3258 eo
707 3180 803 3246 iutra
828 3182 973 3267 positum
1001 3181 1120 3264 putari.
1163 3181 1236 3246 Hoc
1259 3180 1299 3248 fit

247 3271 282 3334 in
299 3267 414 3346 rebus,
435 3288 518 3350 quae
532 3265 721 3332 interiectae
738 3266 957 3331 determinant
979 3265 1090 3330 locum
1108 3267 1296 3332 citeriorem

249 3364 282 3418 et
300 3353 510 3432 ulteriorem,
531 3351 630 3417 veluti
646 3353 741 3417 iutra
755 3353 872 3438 ripam
888 3374 950 3441 pro
966 3351 1062 3416 intra
1078 3349 1221 3438 flumen,
1244 3353 1296 3418 vel
1396 3431 1397 3436 η

243 3437 469 3529 ὀρροείῐιειί)
488 3460 550 3501 nnn
567 3448 658 3524 perte
675 3438 864 3503 occludunt.
960 3485 963 3500 .

292 3540 296 3564 i
349 3557 472 3612 Kritainr
493 3558 527 3610 ad
551 3557 664 3622 Sallust.
679 3557 741 3627 lug.
755 3557 798 3622 18,
812 3557 838 3610 t.
857 3557 1031 3620 Walchiam,
1048 3559 1080 3608 ul
1095 3555 1222 3622 ridetur,
1245 3573 1294 3610 re·

314 3651 414 3716 quntur
433 3649 509 3696 notat
529 3642 681 3711 rariorem,
699 3649 729 3694 at
747 3642 801 3709 ait,
819 3659 914 3708 uram,
932 3658 985 3708 quo
1004 3644 1073 3694 iutra
1096 3639 1124 3692 tt
1146 3633 1293 3710 significat,

289 3793 292 3798 Ι
314 3728 438 3798 quod'atl
454 3727 575 3794 aliquem
589 3743 647 3778 rem
658 3727 750 3796 vergit
764 3734 869 3780 tantum
885 3733 913 3781 et
927 3725 1048 3780 accedite
1066 3729 1148 3792 etqro
1166 3727 1294 3795 exempla

309 3816 394 3867 uliert
407 3813 478 3866 aliua
492 3809 611 3883 generis,
630 3812 664 3864 tlo
674 3830 728 3880 quo
744 3812 807 3867 vide
823 3831 849 3866 n.
859 3811 900 3864 10.
934 3811 1060 3878 Denique
1074 3816 1164 3865 monet
1178 3811 1293 3878 propin-

314 3898 446 3966 quitatem
461 3897 522 3951 eiue
538 3896 580 3950 rei
597 3895 763 3966 significari,
781 3914 851 3967 quae
866 3896 939 3950 intra
952 3894 1037 3950 aliem
1057 3911 1115 3947 rem
1137 3912 1197 3948 eree
1221 3895 1294 3949 ‹lici-

313 3988 374 4047 tur,
394 3987 425 4035 ut
442 3985 511 4036 iutra
526 4000 647 4036 oceanum
664 3981 769 4035 noneit
785 3984 814 4036 ia
828 3983 885 4050 ipen
902 3999 1012 4046 oceano,
1030 3980 1078 4032 red
1093 3979 1141 4048 qai
1156 3997 1242 4049 prope
1257 3981 1294 4034 ab

312 4083 415 4121 oceano
430 4067 510 4122 abrit.
526 4069 578 4134 ,At
595 4083 648 4119 non
663 4065 733 4119 haec
754 4070 797 4120 ert
809 4071 930 4133 pateatne
944 4065 1105 4133 particulae.
1138 4063 1199 4119 Non
1214 4064 1295 4118 'enim

311 4169 423 4207 necuere
439 4159 481 4208 cet
494 4168 554 4206 rem
567 4149 687 4216 melarii,
704 4151 753 4226 red
768 4156 876 4206 tentum
891 4149 993 4226 aliqua
1009 4167 1041 4204 re
1065 4146 1217 4205 tcmtnut
1249 4150 1297 4208 tta
