2856 4722
318 331 319 334 ‘
432 317 910 410 turbulentissimus
1003 337 1006 344 ·
1116 343 1180 408 uo

233 499 349 554 Plautus
362 515 414 552 non
430 504 481 565 ter,
499 505 529 552 ut
543 498 635 577 relort
645 494 874 560 Elmenhorstius,
888 494 936 548 sed
951 511 997 548 sex
1012 499 1062 556 ¹vol
1071 506 1177 569 septem

201 584 270 637 locis
285 583 371 636 utitur
386 585 439 636 hcc
457 583 602 636 vocabulo.
637 579 711 634 usto.
726 579 752 647 5,
766 579 792 646 2,
805 578 850 634 tl.
868 587 895 633 tn
913 581 1020 635 interibi
1035 585 1070 637 nb
1085 585 1178 651 infimo

202 670 239 720 aa
254 658 395 720 sonatan*
415 667 492 735 capt.
515 666 541 733 a,
557 667 583 732 1,
597 666 641 719 e1.
657 672 685 719 a
697 663 741 718 sa.
776 663 836 717 uir.
856 664 889 729 a,
904 663 936 729 1,
949 663 993 718 rs.
1018 669 1125 723 cotenu
1147 677 1178 725 ot
1217 659 1220 666 '

202 753 244 807 bis
258 755 332 805 mileo
345 756 416 818 sorte
431 755 543 806 Atbenaa
559 744 670 806 doerit.
691 757 725 802 er
742 747 895 802 certissima
912 751 1100 806 emendatione
1115 754 1179 810 uoi-

119 841 121 848 ’
201 821 278 888 auti.
309 836 514 904 rotasse.
541 835 791 889 interturbamur
812 841 879 886 aaa.
912 834 984 887 uua.
999 833 1024 901 s
1040 833 1180 901 u,2u.·1n
1256 895 1261 902 ,

202 922 280 975 Pers.
297 921 322 986 l,
340 921 366 986 il,
380 922 423 976 85.
443 920 564 974 restituit
579 919 720 972 Acidaliae
734 915 892 972 ecnie'cturn
907 919 983 972 hand
996 920 1181 988 improbabili.

202 1005 306 1060 Nouius
327 1007 371 1072 13,
385 1005 428 1059 14.
441 1023 461 1060 s.
477 1022 503 1059 v.
518 1003 634 1074 cymba:
660 1005 790 1071 Afranius
809 1005 948 1074 Excepto!
963 1012 1021 1058 tum
1042 1009 1183 1061 conscende
1201 1037 1219 1064 ›,

204 1093 323 1159 epmbcrn
347 1091 449 1142 interibi
467 1090 523 1156 luci¹
537 1089 723 1158 piscatoricmr
752 1089 842 1153 aenio,
868 1090 963 1142 iacitur
983 1107 1097 1155 arcemn,
1114 1092 1184 1144 inbi-

204 1177 263 1228 bent
286 1176 383 1227 leniter.
426 1173 469 1225 ltu
495 1173 670 1224 scribendum
694 1177 751 1237 est,
782 1190 835 1225 non
860 1174 931 1225 locis.
975 1175 1082 1243 Apulei.
1103 1177 1183 1244 Apol.
1269 1224 1280 1235 „

204 1276 231 1326 p.
245 1257 306 1323 32⁰,
321 1257 363 1310 29.
384 1258 490 1311 interibi
506 1258 639 1311 revalesce.
676 1257 783 1322 Gellius
797 1257 823 1320 3,
837 1256 863 1309 l.
881 1258 968 1309 coruul
983 1261 1102 1326 interibi,
1121 1262 1184 1314 dum

152 1390 154 1393 .
204 1360 236 1395 ec
251 1360 346 1412 pugno
354 1344 407 1408 fit,
426 1359 451 1394 se
468 1341 496 1393 in
516 1342 582 1393 lacos
603 1348 671 1394 telos
691 1350 767 1408 atque
784 1343 871 1410 ,editos
894 1341 1022 1400 subducit,
1056 1343 1184 1398 Editcres

203 1426 370 1492 scripserunt
390 1426 502 1479 interim.
535 1424 562 1488 2,
583 1423 626 1478 29.
652 1424 700 1477 ubi
721 1426 830 1477 codices
845 1425 881 1475 ibi
904 1429 931 1477 et
951 1425 1050 1478 interce
1072 1428 1185 1498 habeut,

205 1510 359 1566 Gronovius
377 1509 553 1565 scribentium
568 1509 674 1562 censuit
688 1511 711 1562 si
727 1511 788 1578 qnid
802 1507 911 1562 interibi
927 1507 988 1560 noni
995 1509 1084 1576 fieret.
1152 1533 1156 1542 ’

210 1765 348 1840 ‘Omnes
375 1776 581 1864 grammatici
608 1776 641 1839 in
665 1775 766 1840 verbo
800 1775 944 1839 interim¹
963 1778 1188 1925 praepositio-

137 1861 316 1929 ne'minter
331 1863 509 1950 adtempus
525 1862 660 1927 relatam
674 1872 917 1948 coguoverunt:
943 1884 964 1926 o
1002 1874 1188 1928 extremam
1290 1893 1292 1896 ·

138 1947 299 2036 syllabam
314 1947 347 2010 iu
364 1947 505 2012 diversus
521 1959 628 2034 partes
642 1946 869 2010 discesserunt.
892 1946 991 2025 Quod
1003 1949 1114 2012 Festus
1125 1951 1187 2013 ait:

139 2033 318 2098 interutim
344 2031 503 2098 dicebant
535 2031 685 2119 antiqui,
713 2030 803 2118 qaod
826 2053 916 2094 nnnc
941 2031 1132 2116 interdum,
1153 2035 1190 2100 id

141 2128 197 2184 aut
225 2119 435 2206 corruptioni
466 2118 607 2202 vulgaris
645 2116 926 2204 pronuntiationis
964 2116 1102 2182 debetur
1133 2129 1189 2184 am
1285 2111 1288 2120 ⁴

139 2204 251 2292 ipsum
270 2214 318 2266 est
335 2214 541 2292 corruptum.
592 2203 722 2290 'Fatmen
747 2202 921 2287 Scioppius
945 2224 986 2266 ex
1009 2203 1189 2270 interutim

140 2289 275 2354 tradidit
290 2287 411 2356 factum
430 2311 497 2356 esse
512 2288 669 2353 iuterim:
685 2288 849 2351 rationem
863 2309 932 2350 nou
948 2288 1098 2354 reddidit.
1123 2290 1189 2354 Sed

140 2377 184 2440 G.
202 2375 335 2440 Vossius
356 2375 515 2463 syllabam
539 2374 589 2438 im
610 2395 679 2438 esse
704 2373 787 2444 dixit
807 2373 1018 2460 pronominis
1038 2396 1114 2438 eum
1137 2375 1189 2440 uel
1243 2385 1246 2388 ’

134 2482 221 2528 'eam
237 2461 419 2542 obsoletam
438 2460 593 2532 formam,
606 2457 810 2544 intelligique
828 2458 919 2522 inter
936 2481 1012 2522 eum
1027 2482 1111 2524 rem.
1151 2461 1190 2524 ld
1282 2492 1285 2496 ·

140 2545 312 2612 affirmans
334 2546 535 2632 Hartungius
559 2545 592 2608 in
618 2543 704 2608 libro
730 2544 770 2607 de
792 2543 929 2608 Casibus
953 2567 984 2631 p.
1004 2549 1082 2622 249.
1106 2568 1191 2632 sup·
1238 2588 1243 2604 .

144 2633 306 2722 piendum
330 2642 439 2708 censet
466 2631 558 2696 diem
583 2630 633 2693 uel
653 2629 792 2694 boram.
839 2627 939 2709 Quod
963 2642 1191 2696 commentum

145 2719 229 2784 certi
247 2719 392 2783 nominis
415 2716 631 2782 substituendi
649 2715 734 2779 haud
752 2715 850 2779 semel
867 2715 963 2777 uobis
980 2716 1194 2781 reiieiendum

146 2815 215 2870 erat
241 2804 273 2867 in
299 2803 350 2867 his
371 2802 473 2868 libris.
516 2803 686 2866 Praeterea
709 2801 799 2865 Max.
825 2799 1027 2864 Schmidtius
1051 2803 1091 2866 de
1109 2803 1195 2866 Pro-

146 2887 239 2955 nom.
266 2912 298 2975 p.
315 2891 367 2952 78.
397 2887 478 2967 „hic
502 2887 653 2952 feminini
677 2887 805 2972 generis
829 2887 1045 2966 accusativus,
1073 2889 1194 2976 inquit,

147 2995 313 3062 nusquam
328 2975 510 3060 reperitur,
532 2994 639 3059 neque
652 2972 700 3035 im
717 2971 865 3034 neutrius
882 2971 1009 3056 generis
1027 2995 1096 3037 esse
1112 2984 1193 3060 pot-

148 3072 217 3140 est,
241 3059 331 3142 quod
347 3059 430 3124 min
447 3059 477 3124 is
495 3059 695 3145 pronomine
718 3080 736 3120 a
756 3057 902 3120 neutrius
925 3057 1053 3140 generis
1077 3069 1192 3123 notura
1229 3089 1236 3112 ν

66 3177 68 3184 ’
148 3145 345 3212 abhorret.“
398 3143 473 3232 Ipse
500 3165 579 3208 vero
606 3141 806 3206 Schmidtius
832 3141 880 3204 im
903 3142 1097 3206 existimarit
1123 3167 1192 3208 esse

99 3285 103 3290 .
150 3253 261 3296 casum
288 3230 465 3294 locativurn
489 3228 617 3303 inssive
635 3229 673 3304 i,
698 3237 729 3292 et
754 3251 777 3291 n
798 3226 831 3290 xin
859 3249 894 3290 m
914 3226 1058 3291 litteram
1083 3240 1194 3292 muta-

147 3329 216 3382 tam
238 3339 304 3379 esse
321 3338 383 3403 pro
410 3326 517 3395 terea,
536 3314 626 3401 quod
652 3311 921 3399 Latini‘plurimu
946 3313 1100 3377 voeabula
1124 3325 1194 3377 ter-

147 3403 328 3467 minassent
346 3339 452 3466 liliosa
470 3423 515 3463 m.
561 3401 654 3480 Quae
668 3420 779 3462 caussa
800 3421 915 3482 porum
935 3398 1029 3462 valet.
1074 3399 1115 3462 Et
1132 3399 1195 3482 hn-

149 3489 265 3552 bemus
284 3485 436 3552 adverbia
457 3487 563 3550 muita
584 3484 725 3560 verbalia
741 3482 885 3546 eiusdem
901 3485 1029 3548 formae
1047 3483 1195 3562 divisim,

148 3572 287 3647 stetim,
303 3571 451 3662 sentim,
476 3571 619 3651 se‘usim,
641 3579 674 3633 et
694 3569 755 3632 alia
777 3590 817 3633 ex
833 3569 1023 3633 nominibus
1046 3570 1195 3633 substau-

148 3659 223 3723 tivis
244 3657 295 3721 vel
311 3658 474 3724 adiectivis
498 3657 600 3736 foeta,
622 3655 769 3734 uiritim,
790 3655 941 3740 partim,
962 3665 995 3717 et
1016 3677 1056 3718 ex
1078 3654 1196 3738 adver-

107 3802 113 3812 .
150 3743 207 3808 bio
230 3741 370 3823 irratim,
391 3743 509 3831 quibus
525 3748 552 3807 si
567 3763 703 3806 casuum
725 3739 850 3804 formas
875 3738 1105 3820 adscribimus,
1129 3741 1197 3806 veri

150 3851 241 3893 casus
261 3851 416 3892 essenon
438 3838 595 3916 possunt,
619 3848 725 3910 neque
748 3826 797 3888 im
820 3845 965 3910 unquam
988 3823 1118 3889 loeativi
1141 3848 1197 3890 ca·
1220 3873 1222 3878 κ

149 3937 204 3980 sus
229 3911 339 3978 officio
368 3915 529 4002 fungitur.
578 3913 724 3976 Tantum
748 3931 826 3976 vero
852 3911 959 3986 obest,
984 3920 1020 3973 ut
1043 3910 1196 3976 adverbio

151 4000 263 4087 ipsum
299 4022 409 4064 cesum
443 4000 620 4087 recipiant,
649 4007 687 4060 ut
711 3997 960 4060 terminationes
983 4016 1100 4061 eorum
1122 3997 1196 4062 for-
1279 4006 1281 4012 ’

154 4096 289 4150 urentur
310 4084 344 4148 in
369 4085 509 4150 modum
534 4103 688 4162 casuum,
717 4091 750 4144 et
773 4081 807 4145 iu
830 4103 865 4144 se
892 4090 1066 4145 constent..
1100 4081 1198 4163 ,Quid

8 4270 13 4287 Ι
38 4174 42 4182 ‘
153 4171 247 4259 quod
268 4191 359 4238 casus
380 4172 445 4261 ipsi
460 4169 658 4238 adverbiales
672 4179 756 4231 suut
774 4165 905 4315 foqqnqs
927 4167 1201 4254 nominibusnad·
1231 4251 1234 4258 .
