2846 4724
570 335 775 458 ‘rns'
979 317 988 328 ’
1099 327 1210 434 esns'

196 522 250 584 47.
273 518 398 584 Eadem
414 529 461 583 est
476 515 560 584 ratio
582 517 616 582 in
635 515 867 582 distributione
889 537 1014 590 rerum.
1056 519 1164 586 Nota.

111 605 168 670 'tur
182 606 272 670 enim
289 605 348 670 hac
367 605 626 692 praepositione,
650 603 768 688 quibus
792 601 927 751 singulis
950 599 1073 690 aliquid
1095 606 1164 672 sive

113 691 223 841 alipua
237 714 312 781 pars
329 691 501 756 tribuatur.
546 679 722 753 Omittitur
747 688 834 752 inter
861 701 917 752 um
939 711 1064 754 nomen
1088 691 1163 758 stn-

110 799 159 864 ga
177 800 227 842 us.
267 778 385 843 Graeci
402 779 445 853 εἰς
460 788 492 840 et
508 771 583 840 aurai
593 823 605 858 ,
626 775 784 840 Germani
800 775 838 839 in
857 782 890 839 et
908 771 978 862 auf
986 775 1108 843 dicunt.

214 897 277 961 cic„
294 917 321 967 p.
341 899 435 950 Fiaca.
449 895 500 962 26,
516 893 569 952 tu..
583 895 687 964 =calerent
709 895 898 959 Athenienses,
916 894 985 948 uude
1008 896 1166 965 humanitas,

179 983 317 1047 doctrina,
329 986 444 1053 fruger,
461 982 539 1045 iura,
559 980 630 1049 leges
644 985 717 1032 ortae
737 983 817 1048 atquc
832 981 860 1031 iu
876 996 963 1032 amnes
977 986 1063 1032 terrm
1077 980 1168 1034 distri·

183 1068 258 1120 butue
268 1074 408 1135 putantur.
425 1065 454 1117 iu
468 1065 546 1117 Verr.
563 1062 589 1128 2,
605 1062 648 1129 56,
665 1061 726 1115 les.
744 1063 901 1116 describebat
919 1057 1032 1116 censores
1054 1066 1127 1118 binos
1141 1065 1169 1120 iu

38 1202 53 1212 ,,
92 1216 98 1228 Ι
179 1150 303 1219 singulas
318 1149 433 1204 ciuitates
449 1149 633 1202 timarchides.
666 1166 694 1216 p.
707 1147 789 1201 Bulb.
803 1147 848 1212 21,
861 1143 905 1199 48.
932 1165 983 1216 praa
1003 1148 1062 1218 lege
1076 1150 1171 1202 Saur-

127 1227 129 1236 ’
182 1235 257 1287 ninus
272 1235 302 1286 C.
317 1235 405 1288 Mario
416 1233 532 1298 ¹tulerat,
550 1240 579 1286 ut
593 1234 624 1286 iu
637 1232 758 1301 singulae
773 1233 888 1284 coloniae
903 1240 987 1285 temus
1001 1233 1069 1307 ciues
1082 1251 1172 1288 roma-

182 1333 228 1370 nas
244 1322 336 1385 facere
352 1323 445 1388 posset.
480 1316 590 1398 Suetou.
610 1317 687 1370 caes.
711 1314 755 1368 68.
773 1317 903 1369 annania
925 1317 1073 1387 legionibus
1091 1335 1171 1388 prae·

183 1401 235 1456 dae'
248 1402 350 1455 nomina
371 1402 400 1454 in
419 1400 520 1470 pedites
533 1399 653 1469 singulos
676 1417 755 1469 super
772 1401 836 1464 bina
856 1402 989 1463 sentenia,
1007 1420 1074 1471 quae
1096 1404 1171 1458 initia

94 1507 97 1512 ·
180 1486 264 1538 ciuilis
280 1482 417 1540 tumultuet
427 1491 618 1548 numeraverat,
636 1479 728 1537 uicena
745 1486 829 1537 millia
843 1502 978 1538 nummum
994 1488 1076 1542 dedit.
1112 1486 1171 1541 cic.

181 1569 212 1624 iu
224 1573 303 1640 Vere.
314 1567 341 1635 4,
357 1567 400 1632 26,
416 1566 459 1621 58.
476 1575 506 1620 ut
523 1568 552 1618 in
566 1567 675 1638 ringula
691 1570 826 1623 canolauiu
839 1597 872 1610 -
888 1570 996 1625 tricenos
1009 1572 1085 1637 lectos
1101 1573 1170 1644 opti·

181 1673 223 1710 rna
237 1664 332 1710 abates
348 1665 389 1696 ·-“
401 1658 543 1724 maeret.

217 1757 309 1811 Pleut
328 1754 442 1824 dul-ll,
458 1753 494 1819 2,
506 1752 550 1806 36.
573 1754 688 1808 diuidere
699 1755 811 1824 ‘argenti
827 1756 892 1809 dicit
907 1775 1025 1811 nummos
1041 1758 1071 1812 in
1091 1759 1172 1813 circa.

184 1841 204 1895 i.
224 1859 249 1894 e.
266 1841 381 1894 viritim.
416 1839 478 1892 niv.
492 1836 536 1904 34,
553 1836 599 1904 56,
613 1837 639 1892 6.
658 1842 726 1908 quod
741 1841 860 1908 Polybius
874 1843 979 1908 scribit,
999 1851 1103 1897 centum
1122 1852 1171 1898 ta·
1236 1901 1245 1915 ,

181 1927 258 1980 lentis
272 1945 330 1980 eam
346 1943 400 1979 rem
417 1925 527 1976 Achaeis
541 1925 652 1988 stetisse,
670 1943 749 1993 quum
763 1926 908 1994 quingenos
927 1928 1048 1979 denarios
1059 1928 1173 1996 metium
1202 1935 1208 1952 ⁸

181 2012 212 2064 iu
235 2014 342 2081 capita,
370 2011 439 2079 quod
464 2008 617 2060 redderetur
636 2009 766 2072 dominia,
792 2011 949 2090 statuissent.
984 2011 1083 2080 Virgil.
1104 2013 1173 2066 Aen.

182 2094 208 2162 5,
224 2093 268 2147 61.
295 2096 366 2147 bina*
380 2096 456 2147 boum
470 2091 540 2144 uobis
556 2092 636 2144 Troia
651 2100 794 2161 generatae
808 2094 911 2146 Acestes
934 2097 982 2147 dat
997 2112 1106 2148 numero
1126 2113 1172 2150 ca-

178 2183 239 2251 pita
252 2180 378 2233 inauris,
414 2179 457 2231 Gi.
480 2179 632 2232 Burmann.
653 2177 688 2230 ad
710 2177 821 2231 Sueten.
847 2178 926 2233 Caes.
941 2176 987 2232 54.
1019 2178 1082 2234 Alia
1099 2181 1173 2249 apud

182 2263 356 2318 Hadrianum
373 2283 399 2333 p.
416 2261 478 2316 255.
497 2259 572 2331 (et).

193 2347 197 2352 ’
220 2367 279 2422 Cic.
295 2368 329 2420 nd
345 2361 609 2438 Q.1⁴'ratr‚8,1,b.
627 2363 690 2418 isse
705 2364 788 2418 ternis
805 2363 917 2418 nammis
938 2364 968 2418 in
979 2363 1072 2436 perleui
1089 2371 1172 2421 tecam
1247 2390 1251 2399 ·

184 2455 340 2526 transegisse
353 2453 461 2509 dieebat.
786 2459 790 2466 '

195 2589 252 2655 48.
275 2589 391 2676 Neque
415 2584 509 2651 aliter
534 2587 571 2650 ia
596 2582 803 2649 numeranda
823 2577 859 2648 'et
885 2581 1085 2670 designanda
1108 2606 1173 2672 pe-

116 2675 217 2742 cunia
232 2674 284 2743 vel
302 2674 433 2762 pretio,
454 2669 667 2754 ubidicitur,
690 2679 852 2756 quantum
869 2671 1038 2754 contingat
1058 2671 1174 2755 cuique

116 2761 172 2829 vel
195 2770 356 2848 quantum
379 2758 528 2846 exigatur
561 2757 750 2842 asiugulis.
794 2756 951 2821 Germani
972 2750 1046 2844 auf.
1088 2757 1174 2822 Hinc
1260 2815 1261 2824 ,

119 2847 268 2914 formula
288 2845 480 2931 incapite,
503 2840 575 2908 ise.
594 2841 767 2934 lapsraeis.

221 2981 278 3035 cte.
299 2980 340 3035 in,
353 2979 434 3033 Gaea·
449 2977 514 3031 Dte.
536 2976 587 3044 lt,
604 2978 648 3032 66.
677 2979 812 3046 quaeritur
826 2971 919 3026 Sicilia
931 2978 999 3037 tota,
1020 2971 1049 3024 G.
1070 2974 1175 3030 Verrem

188 3067 337 3121 aratoribus
354 3093 389 3105 -
408 3083 455 3134 pra
474 3053 653 3131 frumentale
677 3061 778 3115 madiae
797 3060 917 3128 ringulae
934 3059 1062 3111 duodenus
1086 3066 1177 3112 cesta·

189 3153 239 3205 tior
257 3152 378 3221 caegiree.
413 3149 441 3202 iu
465 3149 545 3201 Fani.
558 3145 592 3213 5,
605 3147 631 3200 9.
655 3148 744 3214 itaque
767 3145 895 3196 atturtuu
913 3143 1020 3195 Tolosae
1041 3151 1176 3212 quanm

189 3237 309 3290 denarios
322 3235 349 3287 in
365 3235 486 3304 singulas
501 3234 555 3286 uini
568 3232 711 3301 amphoras
728 3229 840 3300 portarii
854 3221 960 3280 nomine*
978 3229 1097 3298 exegisse.

226 3340 302 3393 Gaea.
318 3339 353 3392 Β.
368 3334 422 3389 civ.
434 3335 460 3402 1,
479 3332 522 3389 52.
541 3335 642 3403 iamque
658 3335 695 3387 ad
717 3331 835 3386 denarias
857 3329 1053 3401 quinquaginta
1073 3330 1103 3384 iu
1121 3331 1176 3386 rin·

188 3423 266 3495 gulae
282 3424 381 3479 modios
398 3439 505 3474 annana
517 3425 676 3489 peruenerat.

226 3527 287 3581 biv.
304 3525 332 3593 2,
347 3523 391 3591 66,
407 3524 451 3578 11.
471 3521 561 3577 alulit
576 3539 634 3575 eunt
649 3521 721 3594 plebe
734 3518 890 3573 sectantibus
909 3519 1007 3574 collatis
1021 3520 1050 3573 in
1065 3516 1160 3590 capita.

206 3681 260 3744 49.
282 3677 382 3760 Quod
399 3677 476 3742 alias
498 3674 618 3740 dicitur
633 3675 726 3740 inter
741 3672 873 3760 aliquos
892 3671 1004 3738 dividi
1012 3719 1023 3753 ,
1040 3669 1076 3735 id
1103 3667 1179 3756 qui-

74 3793 82 3818 r
125 3762 204 3830 dam
223 3767 404 3854 scriptores
420 3765 521 3829 etiam
539 3784 597 3850 per
613 3761 651 3826 irc
667 3768 909 3846 expresserunt.

229 3885 321 3938 Tacit.
335 3886 406 3962 Aua.
429 3885 462 3948 2,
476 3881 520 3936 bl·
547 3881 664 3937 iltruaia
686 3879 714 3934 iu
730 3879 932 3934 thaernetaluau
946 3875 1037 3946 filiurn
1053 3899 1088 3914 κ·
1104 3872 1180 3943 inque

192 3969 286 4023 liberos
301 3971 389 4038 Cotyis
406 3969 538 4024 diuiditur.

212 4109 264 4172 60.
302 4105 467 4194 Singulari
494 4103 598 4170 modo
628 4101 763 4168 Tacitus
788 4099 921 4185 scripsit
950 4097 1036 4161 Aua.
1068 4099 1106 4167 1,
1129 4093 1181 4160 55.

128 4213 204 4280 spes
219 4193 407 4262 incesserat
427 4189 593 4259 dissidere
607 4190 737 4255 bostem
753 4188 791 4254 in
807 4182 1003 4252 Arminium
1026 4191 1060 4248 et
1074 4179 1182 4267 Sege-
