2846 4724
121 299 123 306 '
240 311 306 378 ste
409 273 411 277 ’
508 377 511 389 ,
611 309 889 396 ,11-1

192 509 194 516 ,
316 463 383 529 vt.
407 466 452 529 11.
480 463 616 529 Restant
647 485 701 548 ea,
739 461 1091 612 1113111111111110
1121 453 1294 529 11111111

179 579 182 586 ¹
242 549 491 636 praepositione
515 550 692 615 coniuncto
725 560 782 614 aut
834 549 925 612 ubine
952 557 1008 611 aut
1031 551 1187 637 propriae
1217 560 1295 613 sunt

156 669 159 678 ·
243 637 512 720 constructionis.
558 638 663 721 Atque
678 657 713 724 p.
724 640 798 698 291.
816 633 1005 718 expositum
1022 645 1072 697 est
1087 659 1105 698 a
1124 658 1190 714 me,
1206 657 1295 721 qno-

242 719 349 785 modo
381 720 677 810 grammaticorum
710 721 974 797 observationes,
1000 720 1128 803 ¹quibus
1154 722 1296 785 demon-

245 805 413 886 strabant,
429 799 574 870 'Latinos
588 806 776 894 promiscue
792 806 948 869 adiecisse
963 804 1040 888 huie
1056 806 1296 894 praepositioni

117 953 121 960 .
219 917 224 925 ¹·
244 891 551 956 casum-ablativum
574 914 637 978 pro
664 891 862 970 accusativo,
885 891 926 952 ad
945 899 1049 953 certas
1072 894 1298 956 rationes-re-

244 975 321 1046 duci
337 976 507 1043 deberent.
550 977 587 1040 Id
604 972 725 1041 ilerum
748 974 1036 1064 comprobandum
1059 978 1121 1041 erit
1144 979 1177 1042 in
1196 995 1297 1040 accu-

138 1079 140 1084 ‘
176 1111 178 1122 .
243 1063 361 1127 sativo.
404 1063 491 1126 Nam
507 1061 597 1150 quod
615 1063 768 1128 vitiosum
785 1073 873 1126 recte
888 1078 1077 1140 censemus,
1098 1085 1166 1126 non
1184 1062 1298 1126 solum

244 1169 265 1210 a
279 1147 435 1229 cultiore,
459 1159 495 1211 ut
509 1150 616 1226 aiunt,
638 1148 820 1228 latinitate,
843 1146 901 1210 sed
927 1146 966 1210 ab
986 1147 1078 1210 omni
1093 1149 1297 1214 ¹Latinorum

243 1253 307 1310 usu
327 1233 503 1298 abhorret:
525 1256 727 1320 quamquam
747 1243 815 1296 uon
831 1253 915 1296 unus
943 1230 1137 1296 Geblrardus
1159 1234 1297 1308 exstitit,

244 1321 303 1403 qui
321 1318 536 1383 contenderet
553 1320 680 1386 Livium
695 1325 727 1399 3,
741 1323 793 1397 69,
811 1323 842 1382 6.
867 1315 1009 1382 scribere
1031 1319 1178 1404 potuisse
1196 1340 1299 1404 quum
1344 1359 1352 1368 -

243 1404 398 1471 eonsules
413 1405 661 1472 inconcinnam
672 1403 974 1489 pronuntiassent,
998 1412 1030 1466 et
1054 1408 1084 1476 6,
1105 1411 1159 1478 21,
1177 1408 1208 1476 8.
1233 1427 1298 1467 ne-

244 1510 308 1576 que
331 1491 369 1554 in
392 1501 549 1566 senatum
570 1489 680 1552 solum
696 1510 764 1574 per
788 1511 843 1552 eos
867 1487 999 1575 legatio
1031 1488 1201 1575 impedita
1228 1499 1309 1552 este'

135 1629 137 1648 ,
270 1595 330 1637 uae
347 1596 476 1638 errores
495 1585 572 1637 sunt
588 1574 771 1638 scribarum
792 1575 907 1657 aperti.
953 1573 1084 1653 Cortius
1107 1575 1146 1638 ad
1165 1573 1298 1636 Sallust.

159 1665 162 1672 ’
245 1595 317 1722 dat.
334 1663 386 1740 42,
403 1665 434 1724 8.
458 1660 608 1723 Was'sius
626 1661 665 1739 ad
683 1661 753 1729 Cat.
772 1664 823 1732 19,
834 1659 862 1722 ’2.
885 1657 1298 1738 11111(111111111Τοη].2.

75 1779 79 1789 ³
131 1811 133 1816 ,
213 1747 372 1843 ·Ρ.3211.
395 1737 1074 1830 11111111111111111111111111111111111
1098 1746 1196 1831 agris
1219 1741 1299 1808 abt-

243 1839 300 1904 11,
334 1853 372 1894 ιιι
394 1841 516 1894 renutu
541 1826 673 1896 venire:
703 1830 743 1893 de
770 1851 836 1916 quo
862 1829 934 1896 vide
961 1853 993 1916 p.
1011 1833 1083 1894 298.
1127 1830 1169 1893 Et
1192 1828 1298 1912 fuere,

246 1915 303 2000 qui
328 1915 473 2000 priscam
503 1927 707 1981 venustatem
731 1915 954 2002 grammaticis
981 1915 1108 2000 legibus
1136 1937 1207 1979 non
1235 1915 1299 1978 ob-
1383 1991 1387 2007 Ι

168 1990 175 2012 “
243 2000 401 2080 noxiam,
429 2001 486 2064 sed
512 2025 530 2066 1
552 2002 693 2066 librariis
722 2000 863 2066 indoctis
890 1999 1130 2080 oblitteratam,
1153 2001 1326 2087 admira-¹

243 2095 362 2150 rentur
378 2096 410 2150 et
426 2085 546 2173 ubique
561 2088 798 2152 restituendam
816 2087 1050 2150 existimarent.
1075 2087 1148 2151 vid.
1165 2085 1298 2151 Kiintil.

246 2169 288 2234 ad
310 2172 461 2258 Propert.
487 2196 518 2259 p.
541 2178 613 2236 103.
666 2173 759 2252 Quae
790 2171 950 2236 Klenzius
982 2171 1023 2236 ad
1047 2173 1176 2260 Fragm'.
1203 2171 1299 2259 Legis

38 2265 39 2274 ’
136 2335 139 2343 Δ
246 2255 361 2322 Servil.
391 2281 426 2344 p.
453 2263 506 2323 23.
537 2259 730 2344 nuperrime
751 2257 937 2336 adnotavit,
964 2279 1036 2321 rem
1060 2280 1130 2322 non
1157 2260 1300 2339 ratione,

245 2340 303 2405 sed
321 2342 481 2424 exemplis
498 2343 662 2407 declarant
683 2344 789 2407 adhuc
807 2342 1051 2428 distinguendis.
1096 2343 1300 2408 Oudendor-

244 2426 321 2514 pius
338 2428 377 2490 ad
394 2427 550 2514 Frontin.
571 2435 607 2502 1,
626 2434 664 2509 3,
680 2433 711 2494 5.
732 2439 763 2492 et
791 2429 985 2514 interpretes
1009 2429 1113 2493 Curtii
1137 2433 1175 2502 3,
1201 2436 1239 2508 1,
1269 2434 1299 2492 1.

245 2533 322 2578 vera
350 2535 426 2578 oum
449 2511 557 2590 falsis,
581 2514 713 2600 antiqua
734 2536 810 2577 cum
832 2515 1020 2578 novissimis
1045 2513 1192 2578 miscent.
1237 2513 1300 2577 Sa-

244 2597 342 2662 11111
365 2599 488 2663 iudicio
511 2609 650 2662 utuntur
673 2599 826 2662 Clarkius
850 2610 880 2664 et
899 2600 1048 2664 Davisius
1075 2599 1114 2662 ad
1138 2598 1298 2664 Hirriitt.

245 2681 388 2749 11117.
412 2681 706 2750 Drakenborch'ius
731 2687 772 2748 ad
795 2689 834 2765 2,
858 2687 917 2765 11,
941 2689 972 2748 6.
996 2685 1146 2772 scripsit:
1170 2684 1298 2764 „toties
1357 2693 1358 2696 ’

244 2767 356 2832 Livius
389 2770 510 2854 aliique
540 2770 662 2854 optimi
696 2770 874 2856 scriptores
907 2769 1036 2857 regulas
1066 2770 1301 2858 grammatico-

244 2875 323 2918 rum
357 2853 401 2918 de
428 2854 879 2942 regimine-praepositionis
921 2855 958 2919 in
990 2855 1225 2942 neglexerunt,
1264 2864 1299 2918 ut

224 2957 226 2964 ⁴
245 2939 432 3026 priscorum
451 2940 666 3026 patriciorum
688 2941 843 3027 exemplo
869 2963 925 3006 cos
949 2939 999 3004 his
1023 2940 1206 3028 plebiscitis
1229 2961 1299 3004 uon
1409 2951 1410 3022 ᾗ

222 3071 226 3078 ,
245 3024 354 3088 teneri
377 3025 558 3090 existimari
581 3027 697 3114 possit.
707 3032 729 3066 ‘⁴
773 3031 923 3090 Attamen
949 3026 1020 3112 ipse
1037 3025 1091 3091 ille
1112 3029 1163 3092 vir
1181 3027 1299 3089 doetus
1409 3053 1410 3056 ¹

245 3109 430 3258 prudenter
445 3133 508 3175 nos
526 3121 659 3187 mouet,
680 3111 774 3176 1111
794 3109 994 3177 vindicandis
1017 3111 1069 3176 his
1086 3111 1298 3198 loquutioni·

272 3216 308 3258 us
326 3198 420 3261 nimii
438 3198 558 3261 simus:
583 3207 615 3261 et
637 3197 813 3282 Zumptius
838 3197 877 3260 ad
902 3198 971 3260 Cic.
998 3199 1091 3264 Verr.
1107 3221 1141 3286 p.
1158 3200 1235 3262 308.
1258 3217 1300 3260 ne
1409 3219 1410 3256 1

244 3281 279 3344 11
296 3279 452 3352 formulis
464 3283 604 3367 quidem
630 3283 866 3347 consuetudine
886 3283 1130 3370 comprobatis,
1152 3283 1215 3346 nisi
1240 3304 1300 3362 co·

246 3365 359 3431 dicum
374 3370 550 3433 auctoritas
574 3377 689 3456 cogat,
713 3367 935 3434 recedendum
956 3379 1106 3433 censete
1129 3389 1301 3453 gramma-

244 3451 310 3516 tica
326 3452 408 3540 lege.
453 3455 494 3517 At
510 3453 581 3541 ipsa
597 3453 676 3518 haec
690 3457 869 3519 auctoritas
893 3451 1046 3520 codicum
1071 3453 1143 3517 nou
1167 3473 1302 3539 semper
1329 3452 1333 3459 ’

245 3548 376 3602 tantum
394 3537 493 3619 valet,
516 3561 620 3625 quum
635 3539 760 3604 librarii
777 3539 811 3603 in
831 3540 1040 3604 restituendis
1064 3536 1218 3622 formulis
1243 3559 1302 3601 an·

244 3624 373 3710 tiquam
397 3624 597 3709 elegantiam
624 3623 781 3689 affectare
806 3625 969 3688 solerenta
991 3625 1097 3688 immo
1121 3623 1190 3687 iam
1212 3623 1330 3686 anti-.

245 3711 379 3796 quiores
397 3711 630 3798 grammaticos
645 3710 748 3774 nimia
765 3709 943 3774 subtilitate
958 3710 1070 3798 lapsos
1089 3731 1180 3791 esse,
1203 3718 1301 3772 testa·

147 3795 151 3818 ¹
245 3805 301 3859 tur
317 3794 441 3860 Gellius
460 3803 497 3868 1,
515 3800 548 3860 7.
567 3793 619 3859 of.
640 3794 825 3861 Beneckius
852 3796 899 3862 adr
917 3795 986 3860 Cic.
1007 3795 1048 3860 de
1071 3794 1159 3883 Imp.
1184 3795 1302 3878 Pomp.

152 3947 155 3952 ,
244 3903 280 3968 p.
297 3886 371 3945 211.
391 3880 559 3958 Kritzius,
585 3880 642 3964 qui
667 3879 708 3945 ad
733 3880 863 3950 Sallust.
884 3880 955 3968 lug.
980 3887 1060 3962 112,
1085 3886 1116 3946 2.
1145 3878 1300 3944 omnibus

244 3964 394 4030 subtilius
416 3975 449 4032 et
471 3965 600 4030 doctius
625 3964 666 4030 de
688 3966 749 4032 hae
775 3989 812 4032 re
834 3966 1029 4054 disputavit,
1051 3967 1123 4030 iure
1146 3963 1302 4030 refutavit

145 4060 147 4072 '
244 4049 421 4116 archaismi
439 4052 685 4122 exeusationem
708 4063 740 4117 et
758 4052 794 4116 in
812 4053 921 4138 ipsam
945 4052 996 4118 rei
1018 4071 1168 4116 caussam
1190 4048 1302 4139 inqui-

178 4208 203 4223 „
244 4135 337 4217 sivit,
364 4157 536 4224 recurrens
559 4136 601 4202 ad
624 4135 857 4206 confusionem
876 4137 968 4206 illam
993 4137 1195 4220 nodosum,
1219 4156 1302 4224 quae
