2856 4722
160 2151 164 2162 ,
265 2122 341 2167 rum
360 2099 451 2163 libris
468 2097 598 2181 legitur.
617 2171 618 2176 γ
642 2095 803 2164 Meu'rsius
821 2096 856 2158 in
881 2091 1159 2174 Glossis‚‘ncscio
1186 2099 1240 2186 qui

233 298 364 396 'n‘e'
474 349 484 360 -
554 279 773 422 'rurenses
816 321 1021 392 rarenter
1114 345 1116 352 ,

263 481 274 492 '
372 476 470 547 virgil.
485 444 554 530 Aen.¹
567 476 593 542 1,
614 473 676 529 124.
701 478 802 530 interea
825 495 925 548 singna
947 479 1048 532 misceri
1067 453 1199 532 murmure
1214 488 1329 552 gentum

313 570 315 574 '
340 564 507 631 emissamque
521 563 630 615 hiemem
645 563 725 616 sensit
740 563 882 633 Neptunus.
916 562 959 631 11,
976 562 1001 613 1.
1018 580 1140 620 oceanum
1153 566 1329 646 intercalent.

339 667 405 721 gens
419 646 523 700 Aurcru
535 647 650 716 reliquit·
787 647 788 654 ’
1283 655 1285 660 ‘

377 738 487 803 curtius
512 747 538 813 3,
561 746 590 812 t,
611 748 637 800 1.
663 748 764 828 interea
788 749 933 800 Alexander
962 776 992 788 ·-
1021 709 1139 802 Ciliciam
1155 757 1245 818 petens
1265 757 1328 804 cnm

328 836 455 896 ,mnibus
474 835 569 903 copiis,
587 833 737 903 regionem,
759 850 825 901 auce
850 833 944 889 castra
966 835 1028 902 Cyri
1049 835 1215 904 appellatur,
1232 853 1329 906 perre-
1407 825 1410 838 ’

339 929 422 974 πονοι.
456 918 525 984 1,(1,
542 919 567 972 l.

358 1077 410 1138 10.
440 1071 497 1134 vti
515 1070 673 1143 interim,
695 1068 740 1132 ita
764 1063 864 1134 etiarn
887 1070 1020 1134 interea
1040 1093 1058 1134 a
1085 1072 1328 1163 recentiaribus

273 1157 489 1309 scri-Etoribus
512 1178 574 1244 pro
591 1153 763 1219 interdum
786 1154 849 1217 diei
876 1158 1005 1242 primus
1029 1157 1213 1220 observavit
1235 1158 1324 1223 Dra-

71 1241 73 1248 ’
151 1297 154 1302 .
271 1247 338 1310 ken
365 1243 496 1308 crebius
513 1242 552 1305 ad
571 1241 629 1304 Sil.
645 1241 715 1304 Ital.
734 1245 766 1310 7.
782 1228 856 1304 3'95.
881 1240 954 1304 ubi:
979 1241 1111 1306 interea
1131 1241 1247 1323 (crede
1263 1267 1325 1307 ex-

265 1343 385 1417 perto,
415 1352 482 1392 non
497 1323 678 1414 sulli'mns)
704 1325 822 1410 aegris
854 1326 906 1390 nil
926 1327 1066 1392 movisse
1093 1323 1188 1392 aulaea
1213 1327 1324 1395 rebus.

271 1417 337 1481 Sed
353 1415 377 1482 1.
394 1414 436 1477 Η.
452 1412 585 1476 Vossius
601 1409 785 1475 mirabilem
802 1433 862 1495 per
885 1416 1033 1477 erroreni
1057 1414 1195 1490 labitur',
1218 1422 1324 1500 quuen

180 1497 183 1502 ’
270 1501 356 1586 hanc
373 1497 645 1582 significationem
663 1493 819 1560 transfert
833 1497 873 1562 ad
892 1498 1019 1586 Virgilii
1040 1498 1114 1564 Ean
1134 1505 1185 1583 10,
1201 1503 1255 1566 55.
1281 1500 1323 1566 de

271 1607 339 1674 quo
358 1607 393 1650 n.
414 1593 461 1666 1.,

354 1761 407 1819 11.
429 1747 630 1834 Quo'modo
648 1751 793 1816 antidea
836 1774 874 1816 ro
897 1723 1002 1818 antea
1025 1751 1150 1816 dictum
1177 1755 1235 1834 sit,
1258 1777 1321 1819 ex-

121 1870 153 1920 ¹.
267 1841 367 1932 poguj
389 1840 490 1904 Tom,
514 1844 543 1903 1,
568 1859 601 1925 p.
625 1843 700 1902 402.
753 1839 795 1902 Se
850 1849 882 1900 et
901 1837 1062 1926 postidea
1087 1851 1119 1902 et
1145 1839 1345 1908 interideu·

131 1984 136 1996 .
266 1926 473 2016 grammatici
489 1923 521 1988 in
540 1945 601 1986 usu
618 1923 717 1987 luisse
734 1935 878 1987 narrant.
910 1921 959 1989 De
975 1925 1033 1988 illo
1052 1924 1148 1988 nubis
1165 1949 1224 1989 suo
1240 1925 1318 1991 loco

162 2065 168 2071 .
186 2021 205 2064 Ἃ
266 2012 329 2080 erit
347 2010 534 2078 dicendum.
576 2009 754 2074 Interidea
771 2029 934 2095 nusquam
950 2011 984 2074 in
1003 2020 1151 2090 ueterum
1175 2012 1320 2160 serisstu-

1270 2120 1316 2178 us,

252 2193 361 2265 (nam
379 2183 466 2270 apud
482 2177 678 2244 Vulcanium
696 2201 762 2242 non
779 2181 927 2259 invenio)
943 2191 1070 2244 exstare
1095 2180 1193 2246 dixit:
1218 2193 1317 2247 ento-

266 2270 387 2350 rideu‚
410 2272 443 2334 ἐν
459 2273 503 2354 τῷ
526 2261 644 2348 μεταξύ.
669 2264 757 2351 quod
774 2286 843 2328 non
860 2267 962 2330 modo
977 2267 1124 2332 correxit
1142 2266 1318 2345 credereri-

267 2353 355 2435 dea,
376 2353 435 2417 sed
460 2353 593 2416 comicis
614 2351 768 2419 usitatum
795 2348 896 2437 fuisse
917 2351 1105 2416 affirmavit.
1153 2353 1318 2418 videEx-

268 2443 360 2506 ercit.
386 2441 466 2505 Crit.
496 2461 529 2527 p.
547 2441 600 2501 69.
632 2435 864 2524 Laurenbergii
890 2439 1058 2524 Antiquae.
1089 2460 1121 2517 p.
1145 2443 1198 2504 31.
1252 2440 1318 2504 Res

267 2527 348 2590 haec
364 2537 431 2590 tam
450 2527 572 2589 incerta
590 2532 656 2596 est,
683 2532 737 2600 ut,
760 2522 823 2586 nisi
838 2523 957 2586 idonea
983 2522 1178 2587 documenta
1197 2523 1319 2611 profe-

265 2627 399 2683 rantur,
422 2612 463 2674 de
482 2632 519 2673 ea
535 2605 671 2671 iudicari
694 2607 833 2670 umnino
855 2630 924 2690 non
945 2609 1060 2696 possit.
1104 2608 1153 2674 Ne
1176 2609 1320 2677 endoter

265 2698 419 2783 quidem,
449 2692 538 2779 quod
567 2712 631 2777 pru
655 2691 747 2756 inter
777 2691 901 2758 dictum
931 2692 1125 2782 perhibent,
1155 2696 1318 2785 exemplis

267 2793 316 2848 est
338 2782 613 2846 demonstratum.
938 2817 940 2822 ,
1194 2805 1198 2812 ·

281 2902 284 2910 ¹
320 2913 326 2918 ”
347 2939 381 3014 1)
403 2930 440 2996 Iu
456 2931 546 2996 libris
559 2929 687 3018 scriptis
696 2953 758 3018 pru
774 2931 909 2997 interca
925 2953 1021 3016 saepe
1033 2931 1150 3020 legitur
1165 2922 1317 3003 interim.
1371 2933 1376 2941 “

264 3017 547 3170 fide4gralrenb.
584 3017 625 3082 ad
656 3016 726 3084 Lis.
750 3022 789 3094 9,
811 3023 850 3101 9,
876 3023 927 3083 13.
965 3017 1075 3083 Kritz.
1107 3020 1149 3085 ad
1182 3013 1317 3090 Sallust.

282 3125 334 3191 ug·
405 3151 415 3188 r
460 3150 470 3169 ·
907 3130 929 3164 '‘

603 3271 963 3390 iurnales.

321 3427 332 3480 s
345 3439 474 3505 Comici
497 3441 623 3529 vulgari
642 3463 798 3506 sermone
822 3441 973 3508 dicebant
989 3442 1132 3512 interea
1155 3441 1224 3508 loci
1249 3466 1311 3531 pru

260 3527 406 3592 interea.
447 3525 570 3591 Eadem
593 3528 754 3614 temporis
774 3537 806 3594 et
828 3528 895 3592 loci
919 3528 1097 3595 bobonum
1120 3541 1310 3594 commuta·

260 3615 350 3677 tione
361 3612 504 3698 ¹antiquo
522 3624 675 3700 tempore
690 3611 817 3678 factum
834 3622 902 3678 erat
917 3611 1066 3692 interibi,
1086 3614 1176 3677 cuius
1194 3637 1309 3679 exem-

189 3733 192 3738 ·
259 3697 315 3785 pla
342 3698 528 3764 etiamnunc
551 3699 637 3783 apud
662 3697 813 3763 Plautum
839 3699 930 3764 etin
963 3699 1158 3784 fragmentis
1181 3698 1306 3764 Afranii

260 3793 402 3848 exstant.
445 3782 621 3852 Terentius
645 3784 812 3849 abstinuit.
858 3785 924 3853 Sed
947 3785 1103 3871 Apuleius
1121 3795 1154 3848 et
1173 3786 1308 3864 Gellius,
1413 3853 1414 3864 ,

259 3870 339 3933 etsi
362 3870 418 3956 qui
435 3869 487 3933 alii
508 3869 769 3936 suntabsoletae
795 3871 963 3936 vetustatis
985 3871 1186 3946 imitatores,
1213 3893 1307 3935 revo-

255 3965 373 4016 carunt
397 3956 499 4019 istum
518 3976 634 4035 usum,
657 3955 692 4018 in
713 3977 778 4042 quo
794 3956 945 4022 Pricaeus
962 3957 1001 4019 ad
1018 3955 1147 4105 Agulei.
1162 3957 1304 4045 Apolog.
1413 3979 1414 3984 ¹

256 4042 385 4136 133162.
408 4059 478 4136 non
501 4041 609 4127 potuit
636 4042 840 4141 perspicere,
863 4042 1033 4129 quomodo
1067 4028 1157 4106 ocale
1179 4062 1305 4109 nomen

255 4119 304 4187 ibi
323 4135 524 4207 accessisset,
545 4125 686 4215 ideoque
701 4148 831 4194 merum
851 4127 1072 4194 archaismum
1090 4125 1278 4216 appellavit.

1402 4377 1414 4589 l
