2846 4724
495 371 521 420 Ἡ
630 363 689 431 ΙΝ
1122 378 1186 445 δῶ

102 599 106 605 ,
229 519 329 574 Horat.
345 505 436 570 carm.
451 508 486 583 3,
501 515 553 584 25,
566 517 592 570 2.
609 536 678 587 puae
700 533 807 571 canora
825 527 852 574 et
872 539 934 590 qaae
949 487 1021 596 Ψ
1042 529 1072 580 a„
1082 531 1181 600 mm·
1225 547 1236 618 ι.

172 623 175 628 ’
191 606 279 674 Epist.
294 603 327 669 2,
345 604 379 668 l,
393 603 437 656 31.
462 605 502 657 ait
519 606 597 674 intra
617 613 655 658 est
672 605 745 667 olea,
769 605 810 656 nil
831 613 904 660 esna
924 617 964 664 aa
983 611 1013 664 in
1028 630 1093 668 oaoa
1112 619 1182 671 dact.

192 690 423 761 quemadmodum
438 690 530 744 locam
546 688 668 744 restituit
681 689 832 742 Bentleius.

184 819 186 826 ι
226 793 362 863 Exempla
377 794 523 860 copulatae
536 777 779 858 abtioals‚veli1ti
803 793 831 844 in
853 805 935 854 mann
955 801 981 848 et
1000 801 1086 854 tutela
1107 805 1180 873 apud
1221 783 1240 828 ’β

191 878 253 932 Liv.
270 878 321 944 34,
334 878 367 942 i,
383 876 428 931 13.
445 876 644 946 'proprietatem
666 878 771 930 nullam
792 876 912 930 habenta
932 878 967 932 de
991 897 1046 951 quo
1070 902 1121 942 usu
1143 891 1179 944 ol.

189 963 294 1016 Vindio.
307 963 406 1017 Minui.
421 963 450 1016 iu
466 961 586 1020 Storohii
600 962 673 1014 Mus.
688 961 748 1014 crit.
767 979 794 1030 p.
809 959 869 1014 139.

205 1098 376 1162 alliam
401 1098 522 1186 ellipsis
553 1096 701 1162 formam
724 1096 934 1182 grammatici
957 1099 1178 1172 observarunt

119 1179 157 1245 in
183 1179 431 1270 praepositiorie
453 1204 529 1247 oum
553 1184 697 1270 genitivo
715 1184 917 1249 «coniuncta
968 1189 1176 1270 ¹Vocabulum

118 1266 446 1352 impraesentiarum
457 1285 525 1332 non
544 1291 614 1332 esse
629 1267 725 1332 huius
745 1269 874 1355 generis
890 1271 1034 1352 diximus
1052 1300 1085 1364 p.
1100 1281 1175 1344 235.
1242 1301 1250 1322 ³

120 1351 187 1415 Sed
212 1354 380 1440 legebatur
405 1354 492 1442 apud
509 1354 697 1419 Vitruvium
721 1361 758 1434 1,
778 1356 816 1434 5,
836 1364 864 1418 1.
890 1379 992 1443 quum
1014 1383 1098 1448 ergo
1120 1364 1176 1428 bis

116 1438 310 1506 rationibus
327 1439 391 1503 erit
406 1437 623 1504 salubritatis
646 1440 684 1502 ia
707 1439 879 1502 moenium
897 1443 1175 1512 collocandorum

118 1523 303 1608 explicatio
326 1535 387 1588 etc.
436 1525 533 1590 Nunc
554 1535 664 1588 tamen
696 1545 718 1600 e,
736 1526 905 1590 codicibus
928 1533 1099 1596 revocatus
1126 1547 1174 1601 est

118 1609 289 1674 ablativus.
325 1610 448 1676 Gellius
468 1617 497 1689 1,
515 1609 676 1708 inpuid
691 1609 782 1674 enim
798 1610 960 1692 dicemus,
977 1617 1009 1678 ei
1022 1618 1173 1686 induciis
1226 1677 1227 1685 ,

117 1693 155 1758 in
179 1695 346 1760 mensium
370 1697 500 1782 aliquot
512 1695 625 1786 factis
651 1695 690 1760 in
711 1695 846 1781 oppida
869 1721 922 1762 ex.
937 1704 1062 1766 castris
1086 1728 1170 1770 con·-

118 1779 288 1846 ceclatur?
340 1783 530 1846 Gronovius
561 1791 649 1844 recte
690 1782 783 1844 eiecit
815 1787 1095 1868 praepositionem
1124 1793 1172 1858 in.

115 1865 188 1932 Atia
213 1867 366 1954 exempla
389 1868 493 1954 magis
513 1877 600 1930 certa
624 1889 692 1930 non
718 1875 857 1932 exstant.
903 1871 1008 1936 Verba
1032 1875 1069 1937 in
1095 1875 1138 1940 V
1133 1901 1171 1942 e.

116 1951 210 2016 neris'
234 1954 261 2016 si
274 1953 361 2039 apud
382 1954 535 2017 Plautum
551 1952 651 2015 Poen.
669 1957 698 2030 1,
715 1956 746 2027 2,
764 1957 836 2016 120.
857 1956 1169 2040 scribendaessent,
1222 1991 1225 2002 ’

115 2058 218 2100 nemo
241 2037 392 2102 haereret
416 2039 451 2102 in
481 2035 627 2122 formula
650 2034 805 2100 omnibus
836 2033 925 2103 nota.
976 2043 1059 2110 Vide
1078 2037 1170 2132 ¹quae

117 2133 233 2191 eontra
249 2125 421 2192 sanctium
445 2123 626 2210 disputavit
648 2120 839 2189 Perizonius
862 2125 898 2190 in
919 2105 1060 2196 Minerv.
1081 2138 1122 2212 2,
1137 2139 1170 2201 8.

201 2363 234 2426 6.
264 2357 363 2424 Nulla
387 2358 423 2424 in
446 2355 692 2448 pr'aepositione
717 2362 827 2443 minus
852 2362 993 2431 offendit
1014 2375 1168 2460 repetitio

116 2468 217 2534 quam
232 2446 268 2509 in
282 2445 361 2524 hac,
385 2447 452 2517 sive
470 2448 558 2516 locas
575 2447 729 2512 definitur
751 2453 948 2530 accuratius,
969 2453 1034 2519 alio
1056 2462 1169 2525 nomi-

112 2555 157 2598 ne
175 2532 304 2612 addito,
327 2532 394 2596 sive
410 2531 576 2602 adduntur
592 2537 730 2598 nomina
752 2536 831 2599 alius
855 2538 1001 2603 rationis.
1034 2541 1169 2618 0303-

113 2617 344 2684 sarv.Miscell.
362 2617 404 2682 T.
414 2625 443 2682 8.
460 2642 492 2706 p.
511 2623 564 2682 32.
582 2617 614 2685 et
630 2625 748 2708 paea.
770 2621 1025 2691 Drakenborch.
1043 2629 1165 2699 adLiv.

113 2697 560 2788 aasaammmaa
987 2726 989 2733 J
1161 2721 1222 2764 κ’

208 2849 313 2913 fallio,
334 2849 369 2902 ad
394 2843 451 2903 cic.
472 2849 523 2913 10,
539 2843 598 2917 34,
618 2847 644 2900 7.
667 2852 769 2920 penitus
790 2852 823 2903 in
839 2853 981 2907 hetilonis
1006 2856 1121 2927 legiones
1140 2861 1168 2913 in
1259 2919 1261 2924 ,

182 2935 296 2988 bibernis
312 2935 475 2987 collocaram.
511 2934 568 3002 cic.
583 2933 617 2985 de
635 2935 711 3002 Lege
726 2951 785 3003 agr.
795 2935 821 3000 2,
832 2928 870 3002 ·5,'
881 2937 923 2991 12.
945 2941 1077 3007 quibaain
1092 2945 1168 2998 rebus

181 3027 280 3088 quanto
295 3020 322 3070 in
333 3027 403 3074 meta
413 3016 553 3096 summas.
579 3019 618 3072 ila
633 3018 710 3072 codd.
728 3027 755 3071 et
769 3024 853 3073 recte.
882 3023 957 3075 Cart:
966 3023 992 3088 3,
1007 3024 1049 3090 13,
1061 3027 1086 3079 6.
1107 3037 1168 3098 quoe

183 3105 282 3158 Darius
296 3105 366 3156 celat
382 3104 410 3154 in
424 3121 484 3157 aree
498 3105 631 3176 tutissima
644 3106 674 3156 in
684 3103 828 3174 proditoria
842 3105 980 3172 reliquerat
997 3111 1125 3166 manibus.

212 3206 273 3260 Liv.
288 3203 331 3271 42,
345 3204 387 3270 36,
403 3205 429 3258 2.
446 3207 473 3258 in
488 3209 577 3260 aedem
594 3209 716 3262 Bellonae
729 3207 755 3258 in
770 3213 886 3258 senatum
900 3207 1042 3264 introducti
1057 3215 1095 3266 ita
1108 3232 1168 3268 oer-

183 3294 217 3346 ba
224 3282 352 3360 fec'erant.
388 3290 436 3343 ubi
452 3293 658 3344 Drakenborch.
673 3291 717 3355 32,
732 3287 759 3354 4,
779 3289 805 3343 i.
826 3291 855 3342 in
872 3289 1103 3350 Macedoniarn·in
1120 3281 1167 3353 ‘nt-

182 3380 265 3432 berna
286 3378 372 3446 copias¹
394 3376 505 3440 redusit.
539 3375 565 3441 3,
583 3375 626 3438 13,
640 3376 666 3428 2.
689 3393 716 3429 ee
738 3377 810 3427 haud
824 3377 912 3428 *multo
927 3387 1000 3456 post³
1023 3397 1100 3449 qnam
1118 3395 1167 3451 pe*-

182 3463 299 3515 stilentia
311 3463 340 3512 in
354 3461 418 3513 urbe
429 3463 533 3527 saecat,
555 3461 584 3512 in
600 3461 758 3512 iuventutem
775 3468 941 3528 grassantem
955 3463 985 3514 in
999 3463 1106 3518 Sabura
1124 3467 1166 3518 in—

182 3547 282 3600 cidisse.
308 3539 539 3610 castrassent.
557 3545 685 3618 discordes
696 3545 835 3596 -Porum
850 3553 873 3598 et
882 3546 1000 3599 Taailern
1013 3551 1167 3614 -firmata

179 3630 393 3700 peraffinitatem
406 3629 499 3698 gratia
512 3628 617 3696 reliquit
632 3631 661 3682 in
671 3629 724 3682 auis
734 3631 836 3700 regins,
852 3647 950 3684 samam
960 3632 989 3683 in
1002 3633 1167 3700 aedificando
1188 3644 1191 3650 '
1231 3649 1246 3673 ’-

183 3716 263 3782 classe
278 3715 413 3767 amborum
428 3713 515 3766 stadio
529 3713 599 3766 aaut.
633 3711 660 3778 4,
677 3714 719 3780 1⁰,
734 3713 777 3768 23.
798 3716 828 3768 in·
839 3715 1050 3781 tabernaculam,
1067 3717 1096 3770 in
1117 3736 1167 3788 quo

180 3807 265 3853 mater
279 3807 334 3853 erat
351 3797 431 3851 Darii
446 3825 481 3837 ·-·
497 3797 576 3850 venit.
631 3837 632 3844 1

197 3939 231 4001 7.
254 3936 384 4012 critici,
401 3934 459 4021 qui
473 3933 731 4085 praepositiones
751 3905 890 4023 apodtis
908 3912 1082 4022 transponi
1097 3907 1166 4002 tra·
1224 3969 1228 3976 ·

11 4053 12 4058 κ
116 4020 218 4101 dunt,
240 4023 343 4086 etiam·
356 4041 476 4106 exemp
492 4043 509 4084 a
527 4019 626 4096 huius
643 4021 897 4108 praepositionis
918 4020 1081 4086 invenisse
1104 4023 1167 4090 sibi

115 4107 280 4174 visisunt.
325 4107 422 4217 Quae
436 4103 626 4174 Gronovius
638 4105 832 4259 'Observap8
848 4111 888 4239 Ξ,
914 4111 964 4174 19.
988 4127 1024 4194 p.
1040 4107 1116 4174 457.
1135 4119 1166 4174 et
1198 4124 1201 4132 ’
