2856 4722
238 399 240 404 .
276 345 341 412 430
728 336 872 412 INTRA.
963 379 968 398 .

346 513 443 568 proque
464 493 565 548 uidetur
582 493 616 546 ni
636 495 672 548 in
693 493 858 557 «tensarum,
884 491 956 554 uelut
979 491 1012 544 ut
1029 507 1069 546 es
1084 502 1205 562 estre,
1226 517 1244 552 u
1263 501 1329 554 suls

345 584 485 636 subtere
510 580 547 630 sio
572 580 605 630 nt
628 579 665 631 in
687 578 788 632 inter
805 585 831 630 et
856 577 971 642 intra,
988 579 1164 648 etsignifisut
1187 580 1219 638 τὰ
1239 581 1330 650 ἐντὸς,

346 668 415 737 quod
431 673 467 718 est
484 665 634 718 adverbium
649 666 719 733 opud
736 665 857 716 Graecos.

315 828 319 838 ¹
377 768 518 821 Pessimus
541 765 683 819 latinitatis
699 771 824 818 unctores
845 765 918 815 intra
938 741 1000 816 enm
1023 764 1145 819 ablativo
1169 755 1330 836 composne-

343 858 418 906 runt.
454 851 572 905 Collatia
587 853 682 921 legum
698 847 811 904 mosaic.
835 851 863 898 et
876 865 944 900 rom.
965 849 1021 902 Tit.
1036 847 1062 914 8,
1076 849 1102 905 5.
1120 870 1164 906 nee
1177 856 1332 922 manifestus

339 941 392 1006 sur
406 944 462 1003 est,
480 938 525 1005 qui
539 938 611 990 intra
626 937 751 1007 rapiendo
768 934 871 1004 quidem
887 935 1080 1002 comprehensus
1095 946 1138 990 est.

363 1058 528 1148 Significat
546 1059 641 1124 intro
658 1059 710 1138 id,
735 1055 825 1143 quod
841 1055 876 1118 in
895 1055 971 1119 loeo
990 1057 1100 1146 aliquo
1122 1029 1242 1126 finibus
1260 1067 1331 1130 oir-

241 1159 244 1164 ’
277 1151 483 1233 cumscripto
509 1145 560 1209 vel
585 1147 671 1210 lineo
697 1142 1038 1207 determinatoinest.
1081 1145 1211 1211 Nomen
1237 1151 1332 1234 quod

278 1232 410 1297 additur
432 1235 614 1298 terminum
639 1241 750 1307 notat,
785 1248 853 1291 non
886 1237 1016 1292 tuntum
1041 1229 1165 1296 locum.
1209 1235 1258 1296 Ab
1292 1237 1332 1300 in

276 1319 377 1402 igitur
393 1316 516 1381 differt
531 1319 666 1381 notione
694 1312 1027 1400 circumscriptionis,
1058 1327 1089 1380 et
1114 1318 1331 1404 designantur

228 1465 231 1474 ,
276 1403 398 1480 limites
416 1403 465 1467 vel
481 1423 551 1483 res,
576 1425 658 1489 quae
677 1401 787 1464 locum
806 1399 985 1462 continent.
1029 1401 1195 1466 Sententia
1219 1417 1332 1472 sutem

278 1511 374 1578 saepe
395 1489 440 1552 ita
460 1498 509 1552 est
536 1495 744 1578 comparatu,
764 1491 801 1548 ut
823 1487 1009 1570 comparari
1032 1489 1136 1574 possit
1159 1490 1268 1574 eitra,
1289 1487 1332 1560 de

279 1595 347 1660 quo
368 1574 538 1641 videno.
805 1587 809 1594 “
939 1589 942 1594 ·
1151 1617 1155 1622 ,

309 1740 311 1748 .
379 1696 440 1749 niv.
460 1693 504 1758 31,
519 1692 563 1758 24,
578 1691 604 1747 t).
630 1693 700 1746 intro
718 1709 775 1744 eum
797 1690 925 1760 (portam)
949 1698 1069 1761 citroque
1091 1693 1162 1747 lutus
1182 1702 1242 1750 runt
1260 1697 1329 1754 uiue.

345 1781 495 1852 Antiquam
521 1795 630 1830 carmen
654 1778 726 1845 apnd
748 1776 809 1828 Liv.
824 1777 849 1840 1,
867 1777 910 1841 26,
924 1774 950 1830 6.
976 1777 1104 1830 mureto
1127 1779 1167 1832 net
1189 1781 1260 1833 intro
1278 1798 1331 1850 po-

232 1869 265 1910 ·.
297 1902 299 1908 ·
341 1868 467 1921 moeriurn
488 1866 530 1916 uel
548 1872 623 1916 entra
640 1863 816 1930 pomoerium:
835 1861 862 1914 in
884 1879 937 1930 quo
955 1861 1040 1914 miror
1060 1861 1241 1918 Niebuhrium
1262 1866 1331 1920 lati-

345 1971 381 2007 ne
404 1950 458 2004 diei
476 1948 595 2017 potuisse
615 1944 813 2000 existimantem
832 1946 904 2012 intre
922 1941 1051 2000 oeirrtru
1070 1951 1239 2017 pomoerium.
1273 1953 1332 2006 Po·
1353 1965 1356 1972 ·

241 2094 243 2106 ‚
342 2036 478 2093 moenium
488 2033 574 2086 instar
588 2031 697 2087 termini
710 2032 772 2084 fuit.
808 2031 865 2084 Cio.
880 2031 909 2082 in
919 2031 978 2084 Cat.
988 2030 1015 2096 2,
1028 2032 1054 2096 l,
1070 2032 1095 2083 1.
1112 2035 1186 2086 nullu
1200 2036 1254 2089 ium
1266 2055 1332 2107 per-

342 2124 421 2178 nities
436 2139 454 2173 u
469 2127 577 2172 monstro
595 2120 641 2171 illo
658 2147 691 2157 -
710 2118 842 2170 moenibus
851 2117 915 2186 ipris
929 2117 1000 2169 intru
1016 2119 1114 2170 moenia
1129 2123 1332 2188 comparabitur.

345 2209 380 2263 utl
403 2207 458 2261 Art.
473 2203 501 2270 3,
517 2202 558 2255 ltt.
579 2205 647 2271 puod
664 2204 747 2272 sutile
762 2203 879 2268 suisset,
906 2201 959 2266 nisi
977 2203 1050 2254 intra
1074 2203 1189 2272 parietes
1205 2223 1276 2258 meos
1297 2209 1332 2260 ds
1400 2251 1404 2262 .

344 2309 402 2347 nien
422 2289 536 2360 pernicie
559 2290 665 2340 consiliu
692 2289 828 2354 inirentur.
866 2305 892 2354 p.
908 2284 1001 2354 Quint.
1018 2285 1060 2351 11,
1076 2283 1118 2338 38.
1137 2289 1276 2342 Drakenh.
1295 2292 1333 2344 etl

342 2378 404 2432 lth.
419 2373 446 2438 4,
460 2371 486 2437 9,
502 2372 526 2423 6.
544 2371 572 2424 in
589 2374 665 2425 l'err.
679 2373 705 2438 3,
720 2371 764 2436 89,
781 2371 841 2425 tut.
860 2372 928 2423 loeus
943 2373 1013 2424 intro
1034 2389 1158 2424 oerunurn
1173 2375 1227 2426 ium
1241 2378 1332 2432 nullus

342 2471 399 2526 est,
418 2475 498 2527 nepus
515 2465 569 2510 tum
585 2460 743 2527 longinquus
756 2475 836 2526 neque
849 2465 907 2510 tum
923 2456 1086 2520 recunditur,
1103 2474 1153 2524 quo
1166 2475 1218 2509 non
1232 2485 1267 2500 -
1280 2479 1332 2514 no-

344 2555 457 2602 strorum
479 2545 611 2597 hominum
635 2545 713 2596 libido
738 2545 910 2612 iniquitasque
924 2542 1075 2611 perveserit.
1100 2539 1118 2592 i.
1138 2558 1162 2596 e.
1187 2541 1216 2594 in
1246 2545 1332 2599 terris

343 2647 445 2685 oceano
462 2615 658 2695 'circumdetim
690 2628 719 2680 in
742 2635 876 2680 terrerum
898 2626 965 2678 orbe
989 2641 1090 2677 oceano
1112 2625 1331 2698 circumscripto,

343 2713 441 2784 quoin
455 2713 515 2765 loeo
533 2713 699 2780 expediendo
722 2730 775 2765 non
797 2728 864 2780 opus
876 2697 1014 2764 hebemus
1033 2709 1186 2765 subtilitate
1210 2715 1331 2785 Sulpicii

340 2797 526 2867 Apollinaris,
552 2814 634 2865 qnam
658 2796 766 2850 Gellius
787 2796 880 2851 tradit·
921 2795 1033 2855 Sueten.
1052 2797 1129 2850 (ines.
1154 2795 1198 2848 68.
1224 2808 1330 2856 eentum

344 2893 367 2939 st
385 2885 500 2952 triginta
514 2884 597 2945 millio
613 2885 682 2936 intre
696 2885 795 2945 uallum
813 2890 998 2952 reportarunt.
1033 2883 1105 2934 Plin.
1121 2883 1193 2936 Hist.
1210 2901 1235 2938 n.
1246 2883 1272 2948 5,
1282 2885 1329 2952 lu,

343 2968 386 3022 11.
403 2974 465 3019 sunt
481 2968 509 3019 in
523 2968 656 3022 honorent
671 2969 740 3022 intre
750 2969 874 3022 desursus
887 2969 944 3020 Nili
961 2968 1046 3021 multu
1061 2967 1168 3038 oppidu.
1183 2969 1201 3021 i.
1218 2987 1242 3024 e.
1259 2988 1331 3038 quo·

343 3071 430 3122 usqne
447 3051 526 3105 Nilus
543 3052 671 3106 decurrit.

363 3155 432 3208 oie.
457 3174 484 3225 p.
504 3154 577 3208 Sext.
598 3155 641 3222 rt,
659 3145 702 3208 58.
728 3155 883 3207 Antioeltuns
904 3155 978 3208 illurn
995 3155 1126 3226 Magnum
1150 3157 1331 3210 maioresno-

341 3243 388 3296 stri
403 3269 437 3282 -
454 3243 527 3294 intru
550 3251 661 3294 montem
688 3244 806 3294 Taurum
828 3256 940 3308 regirare
964 3240 1100 3292 iusserunt.
1142 3241 1225 3293 Fines
1245 3241 1331 3311 regni

345 3325 482 3381 constituti
503 3335 581 3380 erunt
598 3334 690 3382 monte
703 3327 807 3380 Tauro.
841 3327 928 3377 lteete
952 3323 1038 3393 iginii*
1062 3323 1168 3377 Gellius
1185 3323 1311 3393 intes-pre

341 3419 430 3468 tetur:
450 3411 521 3464 intre
538 3411 685 3481 regiones,
706 3427 775 3478 quae
793 3409 880 3462 Tauri
902 3407 1002 3463 montis
1025 3405 1135 3463 obiectu
1155 3417 1329 3478 soporentur.
1399 3427 1400 3430 ’

343 3500 422 3566 Quae
438 3497 461 3550 si
476 3495 654 3550 Doederlinns
670 3498 704 3549 ed
719 3495 839 3550 animum
854 3513 934 3548 snum
948 3499 1113 3560 revocasset,
1129 3493 1157 3546 in
1174 3497 1329 3551 Comment-

249 3599 253 3610 ¹
342 3583 381 3636 de
394 3581 584 3651 Brachylogia
600 3599 626 3648 p.
640 3580 681 3634 lt.
705 3599 758 3634 non
782 3579 952 3650 scripsisset,
971 3579 1060 3642 intro,
1079 3585 1110 3632 nt
1128 3597 1260 3651 graecum
1277 3600 1328 3650 με·

342 3665 423 3734 ταξύ,
441 3668 507 3719 duos
522 3667 657 3736 genitivos
673 3665 814 3720 adiunctos
828 3651 1082 3732 lesbernensi-um
1102 3663 1220 3718 elternm
1243 3667 1331 3721 omit-

342 3758 432 3817 tatur,
457 3757 488 3806 ut
510 3750 538 3804 in
559 3750 651 3804 verbis
673 3751 745 3803 Livii
767 3751 802 3815 5,
817 3747 868 3815 35,
882 3750 909 3802 2.
935 3749 995 3802 Boii
1016 3751 1196 3819 Lingossuspue
1212 3777 1248 3788 -
1272 3769 1330 3806 non

341 3824 466 3889 Erruseos
482 3838 578 3899 modo,
597 3837 642 3888 sed
652 3837 731 3889 etium
745 3837 849 3890 Vmbros
863 3853 932 3905 agro
941 3835 1061 3904 pellunt:
1078 3833 1151 3898 intra
1160 3834 1330 3904 Apenninum

339 3929 429 3975 tumen
453 3939 479 3974 se
499 3930 613 3974 tenuere.
642 3918 669 3971 in
690 3919 733 3972 his
751 3919 871 3989 intelligi
893 3919 996 3972 alteros
1016 3917 1085 3970 fines
1105 3919 1177 4008 intra
1201 3920 1279 3990 Alpes
1293 3907 1331 3974 ¹et

340 4006 518 4074 Apenninum.
551 4003 610 4058 Lis.
625 4002 677 4068 38,
692 4002 742 4068 38,
758 4004 784 4058 6.
796 4007 832 4058 ·si
851 4005 896 4073 qui
918 4021 1010 4058 eurum
1031 4004 1132 4056 urbium
1153 4003 1238 4068 uiues,
1259 4021 1331 4071 pure

340 4106 422 4159 regno
443 4091 598 4154 abscedunt,
623 4107 680 4142 eum
705 4106 767 4159 rege
788 4081 913 4152 Antioelio
933 4090 1055 4156 intrupue
1077 4089 1148 4156 fines
1172 4087 1228 4140 eius
1249 4087 1332 4158 regni

337 4181 413 4239 sunt,
439 4177 586 4246 Apameam
613 4191 699 4231 ornnes
722 4181 786 4250 ,utile
815 4175 882 4228 diem
903 4179 1003 4228 emam
1024 4173 1136 4248 redum·
1180 4171 1332 4228 wuehtus
