2846 4724
113 423 116 427 κ
155 457 157 460 ¹
221 357 287 425 aaa
419 315 423 320 ’
746 348 804 419 ru.

229 507 401 594 utriusque
425 522 517 569 casus
543 501 785 588 proprietatem
815 501 1003 570 vindicarit.
1048 501 1086 568 ld
1106 501 1208 590 igitur
1232 513 1284 570 te-

231 616 386 671 neamus,
407 613 466 655 nec
481 587 594 654 licebit
616 609 692 652 cum
710 590 832 656 Vossio
857 600 914 654 aut
937 610 1014 654 cum
1036 587 1203 656 Ellendtio
1227 591 1283 677 (ad
1306 589 1308 596 ‘

233 683 305 752 Cic.
327 679 419 744 Brut.
442 675 511 760 61.)
539 684 698 762 statuere,
728 676 931 762 antiquiores
954 675 1089 740 Latinos
1113 699 1184 740 non
1208 677 1283 740 satis

233 765 420 832 distinxisse
434 761 663 850 promiscuum
679 762 933 848 praepositionis
947 782 1057 826 usum.
1103 759 1205 841 Quod
1222 760 1284 826 fat-

124 865 126 870 ’
222 857 308 918 ‘sum
330 849 446 915 fuisset
463 857 494 912 ct
518 843 710 912 absurdum.
754 847 863 928 Quare
888 847 1060 912 veritatem
1083 849 1131 911 rei
1156 849 1284 934 primus

135 940 139 1019 1
232 938 402 1028 perspexit
430 933 580 998 Kritzius
612 931 654 996 ad
680 931 813 996 Sallust.
846 934 918 997 cat.
943 936 982 1012 9,
1005 940 1035 998 2.
1067 932 1284 1009 contendens,

182 1051 185 1066 ¹
232 1024 364 1090 nullum
381 1041 492 1085 casum
509 1039 566 1081 sua
592 1017 623 1082 vi
646 1017 794 1091 destitui,
818 1040 879 1082 nec
901 1039 977 1080 cum
1001 1019 1065 1082 alio
1094 1041 1169 1082 casu
1194 1040 1285 1081 corn·

233 1109 374 1187 mutari,
406 1106 470 1170 nisi
496 1103 676 1167 sententiae
710 1104 771 1168 alia
804 1101 914 1168 forma
945 1104 1102 1191 imposita
1128 1104 1180 1168 sit.
1224 1105 1284 1168 Ni·

234 1185 360 1261 mirum
375 1192 469 1256 notio
487 1201 599 1252 motus
619 1200 652 1253 et
668 1189 857 1253 directionis
874 1190 970 1254 et‘rei
980 1237 989 1269 ,
1017 1189 1069 1253 cui
1087 1189 1213 1276 agendo
1231 1189 1286 1252 ad-

233 1282 413 1349 vertimur‚
450 1276 541 1340 nullo
569 1286 666 1360 pacto
694 1273 869 1362 significari
907 1285 1018 1360 potest
1054 1274 1215 1340 ablativo:
1255 1287 1287 1338 at

234 1375 345 1455 potest
361 1363 459 1427 huius
475 1362 601 1446 generis
616 1362 711 1425 actio·
726 1359 774 1423 vel
802 1361 939 1445 qualitas
963 1382 1023 1423 suo
1045 1361 1146 1424 verbo
1172 1362 1286 1446 expri-

233 1454 298 1526 mi,
322 1450 375 1513 cui
396 1448 566 1513 adiicietur
581 1467 707 1510 nornen
725 1468 801 1508 curn
819 1445 1086 1533 praepositione,
1106 1458 1145 1510 ut
1159 1445 1286 1510 intolli-

236 1548 350 1625 gatur,
374 1533 430 1596 ubi
446 1533 526 1596 haec
548 1532 631 1594 actio
647 1541 821 1619 appareat,
844 1532 949 1596 autin
971 1554 1105 1618 quare,
1132 1553 1236 1618 quave
1251 1531 1286 1594 in

235 1620 426 1686 conditione
449 1639 501 1682 res
523 1616 648 1700 agenda
666 1628 823 1682 versetur.
869 1617 960 1706 llanc
984 1617 1038 1682 alii
1062 1628 1182 1681 vocant
1203 1638 1288 1680 con·

151 1736 160 1760 τ
234 1707 403 1774 fusionem
419 1704 622 1766 aurianum.
674 1703 735 1766 Est
751 1701 835 1767 'vero
859 1703 1116 1788 comprehensio
1146 1702 1288 1768 duarum

234 1793 412 1878 notionum
434 1789 669 1852 absolutarum.
712 1787 857 1852 Tantum
883 1789 982 1874 igitur
1006 1789 1114 1866 abest,
1139 1787 1287 1853 uthans

221 1873 399 1950 'ratidnem
417 1896 491 1938 cum
510 1874 643 1939 Kritzio
660 1874 824 1960 explicem
843 1874 949 1940 verbis
973 1873 1063 1960 quod
1085 1875 1229 1951 attinet,
1250 1875 1288 1938 in

233 1963 356 2060 Bezrrg
379 1957 460 2048 auf,
484 1981 568 2045 quae
589 1981 657 2023 uno
684 1961 868 2024 accusativo
892 1958 987 2024 reddi
1011 1969 1229 2048 possunt,1ut
1252 1961 1289 2024 in

235 2049 368 2116 ablativi
384 2057 546 2110 structura
563 2057 685 2118 statum
699 2056 732 2127 et
748 2047 977 2110 conditionem
994 2047 1041 2110 rei
1059 2047 1201 2132 agendae
1219 2045 1287 2110 sive

132 2207 135 2214 ,
234 2157 326 2213 rem,
348 2133 382 2197 iu
411 2153 474 2218 qua
497 2129 576 2216 quid
594 2142 768 2218 appareat,
794 2141 982 2218 expressam
999 2132 1138 2196 videam.
1183 2137 1287 2195 Amor

236 2232 291 2285 aut
309 2222 340 2283 in
357 2241 397 2283 eo
415 2218 637 2301 conspicitur,
661 2219 718 2302 qui
735 2227 840 2300 amat,
864 2227 953 2282 etex
970 2238 1009 2280 eo
1033 2218 1122 2282 exire
1147 2215 1286 2280 dicimus

237 2327 387 2371 amorem
412 2304 445 2364 in
468 2303 631 2388 aliquem,
661 2313 717 2366 aut
738 2312 875 2390 apparet
905 2302 940 2366 in
971 2324 1030 2383 eo,
1057 2303 1114 2389 qui
1144 2313 1286 2368 amatur.

237 2393 350 2471 Quare
365 2399 453 2452 recte
467 2388 587 2451 dicitur
603 2410 700 2461 urere
716 2389 752 2452 ira
770 2388 970 2474 uliquemct
987 2388 1024 2453 ia
1042 2388 1174 2475 aliquo,
1190 2383 1289 2475 fide-

236 2478 281 2541 lis
298 2477 335 2540 irc
359 2473 489 2542 amicos
506 2484 538 2536 et
560 2474 756 2554 irrurrricr's,
782 2473 870 2559 quod
887 2495 956 2538 uon
973 2484 1040 2554 est,
1062 2473 1153 2560 quod
1171 2478 1289 2538 attinet

236 2562 278 2627 ad
293 2559 437 2640 amicos,
458 2559 519 2632 sed,
532 2557 664 2624 fidelem
676 2560 816 2625 inueniri
829 2561 864 2624 in
882 2559 1006 2624 amicis.

245 2727 248 2740 '
324 2739 353 2798 t.
382 2732 454 2797 Nos
478 2731 532 2796 bic
555 2754 590 2796 ea
610 2731 930 2810 demonstrabimus,
953 2754 1035 2818 quae
1051 2731 1192 2798 ablativo
1209 2741 1289 2795 sunt

220 2819 391 2908 propria,
413 2816 501 2882 iufra
517 2816 557 2884 dc
573 2820 756 2883 accusativo
774 2840 925 2883 seorsum
942 2819 1137 2904 exposituri.
1181 2821 1288 2903 Atque

235 2903 321 2970 ratio
348 2902 447 2976 baec,
473 2924 572 2989 quarn
597 2905 663 2974 iam
688 2926 788 2992 supra
813 2904 1037 2982 ostendimus,
1074 2903 1221 2990 pertinet
1245 2903 1287 2968 ad

236 2988 391 3054 adiectira
412 2989 593 3075 qualitatis,
616 2992 811 3078 praesertim
830 2991 949 3066 animi,
974 2999 1010 3051 ut
1031 2989 1175 3066 dicatur,
1199 3010 1287 3075 quo-

233 3074 337 3140 modo
357 3073 473 3160 aliquis
494 3098 529 3138 se
574 3088 644 3140 erat
670 3079 702 3141 in
728 3079 850 3162 aliquo.
893 3075 1027 3139 Accedit
1053 3075 1191 3140 verbum
1214 3099 1286 3140 esse

234 3160 443 3247 plerumque.
501 3099 572 3224 sed
590 3162 651 3225 alia
679 3184 812 3248 quoquc
844 3162 940 3226 verba
967 3161 1031 3224 hoc
1064 3161 1168 3224 modo
1202 3183 1286 3224 cou-

233 3256 426 3321 struuntur,
456 3245 552 3311 sicuti
577 3258 672 3312 anteo
703 3270 737 3333 p.
754 3252 828 3313 267.
851 3257 884 3311 ct
905 3269 939 3332 p.
957 3251 1030 3312 269.
1061 3247 1287 3330 explanatum,

234 3329 300 3396 dici
315 3331 439 3422 jacere
462 3331 500 3396 in
531 3331 674 3420 aliquo,
696 3333 807 3398 dicere
840 3333 878 3396 in
909 3331 1035 3418 aliquo.
1086 3332 1286 3418 Designatus·

232 3416 341 3490 enim,
363 3415 399 3482 in
418 3438 485 3504 quo
504 3417 589 3482 actio
605 3418 718 3483 locum
734 3416 983 3496 mammaea,
998 3425 1061 3494 ,aut
1081 3417 1114 3481 in
1137 3438 1204 3504 quo
1224 3441 1287 3502 ap-

233 3513 347 3590 pareat
362 3525 396 3567 so
413 3524 577 3568 exserens.
621 3504 791 3568 interdum
819 3503 957 3568 brevitas
977 3501 1136 3566 orationis
1161 3502 1288 3566 omittit

230 3586 467 3672 gerundivum,
492 3601 547 3652 aut
563 3589 803 3658 substantivum
825 3611 889 3676 pro
913 3587 1138 3653 enuntiatione
1164 3587 1285 3653 condi·

230 3674 346 3738 tionali
356 3675 504 3760 ponitur.
526 3673 579 3738 Cf.
590 3699 624 3762 p.
635 3679 707 3742 258.
728 3675 797 3740 Nec
814 3686 936 3740 veteres
951 3683 1082 3737 tantum
1099 3674 1281 3760 scriptores

230 3755 319 3823 hunc
335 3759 497 3845 loquendi
513 3760 652 3825 modum
675 3760 897 3850 usurpabant,
918 3759 976 3824 sed
991 3780 1107 3823 omncs
1131 3759 1284 3828 omnium

229 3851 436 3934 temporum.

332 3997 390 4052 cta.
406 3997 441 4052 ad
456 3998 534 4054 Fam.
548 3993 581 4060 8,
595 3993 630 4060 8,
643 3993 669 4049 8.
684 3997 771 4050 undio
786 3997 852 4050 milri
867 4013 956 4050 aarum
975 3999 1094 4068 plaeere,
1113 3997 1183 4066 quod
1205 3998 1235 4050 irr
1256 4004 1284 4052 te
1419 4039 1420 4046 1

180 4101 183 4110 ⁴
295 4083 357 4138 brus
377 4084 471 4136 merita
486 4082 562 4154 groti
581 4089 670 4141 errent.
702 4080 823 4135 Orellius
843 4081 953 4151 scripsit
968 4083 1103 4146 meritum,
1121 4082 1193 4148 quod
1214 4081 1282 4135 sirn—

292 4166 356 4236 plex
370 4167 458 4224 oratio
475 4164 631 4237 efflagitare
640 4165 803 4220 videbatur:
821 4171 912 4222 tamen
927 4183 979 4224 non
992 4164 1112 4222 mutavit
1129 4165 1186 4220 alia
1200 4165 1278 4222 baso
