2846 4724
607 375 663 446 IN.
809 393 812 399 '
1104 380 1167 455 291

179 492 345 606 semaraim,
364 530 393 584 in
404 531 552 604 praeestis
567 523 679 604 tingatis
693 529 770 586 bobas
789 531 889 589 donati.
923 533 1048 603 zm.
1066 517 1110 604 84,
1120 537 1165 608 85,

180 619 224 672 11.
240 620 337 670 darent
356 618 456 671 talenta
478 627 579 672 centum
601 617 708 690 argenti
728 619 905 697 inpraesenti·
928 630 953 677 et
970 624 1167 694 quinquaginta

178 705 281 760 talenta
294 702 323 754 in
339 699 458 772 sicgarlas
473 719 565 758 aanor.
1160 705 1168 732 ι
1210 707 1213 712 ·
1328 765 1333 776 ἱ

215 799 330 859 Terent(
341 802 443 859 fleant.
459 800 486 870 5,
501 804 527 869 2,
539 805 566 860 8.
583 804 628 859 abi
642 811 666 861 te
679 803 736 860 aidi
750 800 905 862 animaene
922 808 1014 862 amissa
1030 808 1166 867 ct'taaaia

42 942 53 966 .,
80 951 82 957 f
178 893 208 945 ia
221 891 369 963 praesentia
386 903 451 958 qaae
464 897 564 959 essent,
582 893 669 960 primu
685 893 800 956 babere,
818 909 901 964 aeque
921 893 1093 949 consuleretis
1108 898 1165 951 lon·

73 995 79 1000 ¹
179 974 326 1052 gitadinem
337 1008 346 1040 ‚
358 975 412 1058 cepi
426 975 563 1028 rationem.

195 1100 255 1188 1112
286 1120 395 1190 Verba
417 1133 513 1205 sunt,
538 1145 621 1214 quae
643 1133 823 1214 utrumque
847 1135 957 1192 casum
979 1123 1165 1215 admittant,

111 1210 181 1274 sive
199 1211 291 1274 locus
316 1212 366 1276 vel
389 1233 441 1294 res
468 1213 685 1301 intelligatur,
708 1214 743 1278 in

110 1295 374 1374 siveloc'us,in
399 1317 466 1383 quo
491 1300 569 1384 quid
596 1311 722 1386 agatur.
767 1237 826 1362 bio
858 1300 1014 1387 Virgilius
1050 1269 1109 1367 δε.
1134 1309 1165 1384 1,
1216 1357 1219 1364 .

57 1391 59 1396 ‘
109 1383 186 1446 438.
218 1401 320 1466 qrium
333 1404 368 1446 se
392 1381 513 1448 condet
529 1380 566 1448 in
591 1385 705 1448 aindas
723 1391 755 1447 et
770 1385 802 1466 4,
819 1386 893 1449 478.
915 1386 1027 1450 multa
1049 1387 1087 1470 in
1097 1384 1168 1476 fo-

109 1466 170 1530 liis
187 1465 302 1529 avium
323 1464 488 1532 seminia
515 1469 675 1533 condunt.
718 1464 788 1534 Nec
809 1470 944 1558 expedit
965 1471 1045 1536 haee
1066 1474 1166 1540 verba
1223 1489 1234 1524 '-

109 1551 166 1616 hic
193 1571 404 1618 enumerare:
429 1554 594 1640 permulta
620 1555 705 1620 enim
731 1565 827 1637 sunt,
849 1553 905 1620 sed
929 1557 1016 1621 ratio
1040 1579 1165 1644 aequa·
1230 1597 1235 1606 ·

108 1636 169 1701 lis:
189 1634 226 1699 Id
244 1659 321 1700 vero
340 1661 442 1724 quum
459 1640 667 1724 grammatici
684 1637 782 1704 etiam
801 1644 833 1704 in
851 1643 890 1706 iis
908 1642 1026 1721 verbis,
1045 1645 1163 1730 quibus
1217 1689 1220 1696 ·

792 1235 866 1278 uam
890 1217 973 1280 actio
996 1217 1165 1294 dirivatur,
1268 1223 1271 1234 '

109 1735 197 1786 unus
218 1732 344 1786 tantum
365 1724 486 1788 modus
511 1729 687 1790 convenire
711 1725 900 1803 videbatur,
925 1729 1164 1812 observassent,
1265 1787 1267 1792 .

109 1817 167 1872 aut
181 1807 312 1871 licentia
330 1808 447 1874 laesam
461 1809 623 1876 dicebant
639 1811 765 1898 legem,
792 1817 847 1875 aut
862 1811 947 1877 hanc
970 1803 1162 1894 α’ντίπτωσιν,

110 1915 212 1978 quam
240 1895 418 1975 vocabant,
448 1898 666 1960 vetustiorum
693 1897 893 1982 scriptorum
920 1899 989 1962 usui
1010 1899 1165 1986 adsigna-

109 1978 211 2058 bant‚
238 1990 294 2044 aut
319 2001 392 2044 eam
411 1980 493 2044 adeo
517 1982 695 2070 elegantiae
713 1983 849 2046 nomine
872 1985 1162 2053 commendabant.

80 2083 83 2093 ·
108 2063 294 2129 Priscianus
317 2067 490 2152 acquiescit
522 2089 554 2153 p.
574 2071 668 2132 1178.
690 2068 723 2130 in
748 2062 931 2130 imitatione
955 2069 1162 2136 Graecorum

110 2150 347 2237 approbanda:
371 2152 427 2215 sed
447 2151 570 2216 Gellius
588 2159 617 2231 1,
633 2159 663 2216 7.
687 2153 858 2240 utriusque
882 2150 1032 2218 dictionis
1055 2156 1164 2219 ratio«-

102 2257 151 2302 ne
178 2245 211 2298 et
230 2225 426 2316 buetoritate
452 2241 600 2323 cognita,
623 2260 790 2316 caussam,
814 2249 1019 2324 quapropter
1046 2241 1162 2306 Cicero
1217 2301 1219 2310 .

111 2322 332 2393 accusativum
358 2323 567 2410 praetulerit,
597 2324 654 2388 ubi
680 2323 837 2388 ablativus
864 2333 948 2387 esset
977 2325 1165 2412 ponendus,

110 2407 353 2472 inv-enissesibi
370 2411 455 2472 visus
474 2411 571 2473 estin
595 2433 678 2474 sono
700 2419 731 2472 et
754 2412 787 2475 in
813 2408 961 2496 positura
986 2410 1165 2476 vocabulo·-

108 2513 199 2556 rum.
251 2495 346 2580 Casp.
370 2493 521 2560 Barthius
549 2494 588 2557 ad
615 2495 771 2581 Calpurn.
789 2499 827 2579 2,
844 2497 897 2560 56.
923 2517 1023 2560 omne
1047 2497 1163 2563 discri-

107 2577 188 2642 'rnen
213 2597 348 2643 casuum
369 2580 468 2644 tollit.
519 2581 655 2644 Vossius
681 2580 721 2644 de
744 2581 876 2644 Constr.
899 2583 952 2646 65.
972 2603 1008 2669 p.
1032 2583 1106 2648 252.
1131 2591 1164 2648 et

110 2662 245 2728 Coruus
262 2664 454 2752 elegantiam
466 2675 498 2730 et
513 2667 714 2750 antiquitatis
724 2689 854 2730 morem
864 2667 896 2748 in
914 2663 1162 2734 hacnotionum

109 2747 306 2814 confusione
327 2764 519 2837 expressum
545 2753 721 2839 putabant:
754 2773 852 2837 quarn
873 2773 1061 2836 perversam
1086 2757 1164 2840 opi-

109 2837 247 2899 nionem
264 2837 447 2922 prudenter
464 2837 621 2903 refutavit
636 2837 783 2901 Kritzius
802 2838 841 2900 ad
860 2838 990 2903 Sallust.
1006 2838 1075 2924 lug.
1090 2841 1163 2916 5,’4.

110 2931 141 2984 et
168 2922 211 2984 ad
240 2927 311 2992 112,
329 2927 359 2986 2.
382 2932 414 2986 et
438 2921 476 2986 ad
497 2927 547 3002 17,
566 2929 598 2988 8.
642 2923 706 2986 Sed
730 2923 948 2988 Rnlinkenius
973 2945 1078 3011 quum
1102 2947 1162 2990 co-

111 3005 277 3094 gnovisset
295 3009 430 3072 Latinos
449 3005 558 3074 dicere
576 3009 613 3076 in
638 3008 756 3095 aliqua
777 3029 875 3074 urere
892 3021 923 3072 et
940 3009 1018 3090 alia,
1040 3011 1162 3076 inno-

113 3094 154 3156 tis
171 3091 210 3156 ad
228 3092 361 3158 Terent.
378 3093 463 3158 Eun.
479 3099 509 3174 8,
527 3097 558 3173 5,
580 3099 631 3160 19.
654 3095 815 3158 concessit
833 3115 930 3158 usum
949 3096 1052 3182 poetis
1077 3101 1165 3182 pr0-'

109 3179 224 3266 prium
240 3178 476 3243 vocabulorum
494 3181 635 3257 amoris,
659 3201 757 3266 quem
774 3201 835 3242 nos
858 3201 894 3267 p.
910 3183 983 3244 268.
1011 3180 1161 3247 declara-

110 3265 237 3326 vimus:
274 3275 307 3328 at
326 3263 410 3329 falso
436 3265 587 3330 eamdem
611 3274 763 3330 naturam
788 3265 939 3329 Bremius
963 3265 1004 3336 ad
1027 3269 1161 3342 Cornel.
1220 3328 1224 3336 ,

110 3347 214 3412 Phoc.
233 3350 264 3427 4,
281 3355 312 3414 8.
333 3351 431 3415 etiam
454 3352 561 3415 verbis
579 3349 795 3430 crudelitatis,
819 3351 988 3433 saevitiae,
1015 3353 1082 3418 irae
1097 3354 1162 3418 tri-

111 3432 200 3500 buit:
223 3435 406 3520 Herzogius
429 3447 539 3501 autem
565 3435 605 3499 ad
631 3435 760 3499 Sallust.
785 3436 854 3499 Cat.
873 3439 926 3518 52,
947 3443 998 3502 11.
1023 3439 1057 3502 in
1082 3441 1161 3503 uni-

111 3539 246 3585 versum
269 3521 383 3604 docet,
412 3524 550 3587 nomina
576 3541 693 3596 eorum
719 3520 913 3603 atl'eetuum,
937 3523 1162 3610 551551511-
1225 3553 1226 3556 ¹
1257 3578 1262 3587 .

113 3627 215 3692 quam
232 3607 370 3672 activam
386 3606 421 3670 in
445 3607 665 3687 se‘habeant,
686 3627 762 3670 cum
786 3610 966 3672 accusativo
990 3610 1162 3695 componi,

112 3703 169 3755 ebs
194 3713 273 3756 vero
291 3693 453 3776 silemus,
474 3694 530 3780 qui
554 3691 677 3780 aliquid
702 3693 885 3780 patiantur,
908 3693 1083 3757 ablativum
1107 3715 1163 3760 re-

111 3777 261 3862 quirere:
292 3801 359 3864 quo
387 3781 419 3852 in
446 3801 564 3865 genere
585 3780 626 3842 sit
649 3777 883 3846 misericordia.
937 3780 1037 3860 Quod
1061 3801 1164 3867 quam

110 3883 227 3928 verum
251 3886 320 3928 esse
343 3865 508 3945 videatur,
542 3865 700 3931 dictiones
723 3863 809 3929 infra
829 3865 1053 3953 ¹exponendae
1081 3866 1160 3931 satis

111 3949 357 4014 monstrabunt.
400 3951 556 4031 Ruthius,
575 3950 697 4037 siquid
716 3969 873 4036 umquam
895 3948 974 4016 bene
998 3951 1162 4031 iudicavit,

112 4030 292 4116 hocerat,
321 4035 411 4122 quod
435 4036 470 4101 in
493 4037 581 4103 libro
609 4035 649 4100 de
676 4037 859 4100 Grammat.
882 4037 1000 4100 Praecn
1023 4060 1058 4125 p.
1086 4039 1163 4102 198.
1207 4105 1208 4108 ,

113 4118 219 4200 dixit,
241 4122 268 4185 si
289 4133 413 4188 veteres
437 4121 579 4188 Romani
603 4122 745 4186 rationes
762 4121 903 4186 diversas
924 4117 1162 4204 confudissent,
1201 4162 1207 4167 -

113 4203 148 4268 id
164 4203 250 4272 male
268 4204 369 4273 fuisse
396 4205 534 4276 factum.
583 4203 626 4274 Et
649 4207 715 4273 iam
738 4207 920 4274 Priscianus
944 4213 994 4276 17.
1015 4232 1050 4298 p.
1067 4213 1162 4275 1040.

790 4307 870 4396 1⁹*
