2902 4718
150 1667 155 1678 ‘
179 1719 202 1807 a

280 327 340 390 128
372 367 374 372 -
476 335 479 344 ¹
725 357 728 362 ·
749 321 838 390 IAM.
862 347 866 362 ·

276 475 443 564 signandis
458 483 656 562 usurpatur„
685 464 791 564 Atque
804 476 928 566 triplex
944 487 991 544 est
1017 478 1162 544 maxime
1181 475 1315 542 modus.

276 565 341 627 Aut
355 565 442 627 anim
461 562 616 660 perhanc
632 561 827 660 particulam
842 585 915 627 rem
936 564 1053 630 arctius
1068 562 1314 652 comprehendo

276 649 512 734 etidistinctrus
537 657 720 730 constituo,
744 659 801 714 aut
823 647 954 730 affirmo
980 673 1052 716 eum
1064 696 1074 726 ,
1098 659 1153 714 aut
1175 670 1315 736 progre-

277 735 351 798 dior
366 734 416 800 vel
441 733 481 796 ad
504 744 630 797 certum
650 735 834 800 terminum
855 735 906 800 vel
927 735 970 820 ad
992 736 1144 800 altiorem
1165 737 1315 820 gaudum.

274 821 372 900 Quae
394 817 506 882 omnia
528 840 625 905 saepe
638 819 693 918 'iia
716 829 855 912 coeunt²
880 831 917 884 ut
943 823 978 886 in
998 821 1132 908 singulis
1152 819 1316 907 exemplis

274 927 345 969 non
366 904 492 992 possint
508 903 664 968 discerni:
687 907 774 991 quod
793 915 1087 994 moneo,'nequ1s
1111 905 1147 970 in
1171 904 1232 982 baa
1257 903 1317 1007 (11-κ

275 991 455 1078 scriptione
470 989 590 1053 iustum
609 990 761 1056 ordinem
781 991 952 1058 desideret.

272 1097 274 1104 '
360 1115 387 1174 1.
411 1110 630 1194 Componitur
640 1110 740 1195 igitur
755 1111 827 1176 ium
844 1132 919 1176 oum
939 1108 1191 1198 pronominibus
1206 1109 1264 1188 ita,
1280 1119 1318 1172 ut

165 1257 167 1266 ,
194 1159 196 1166 y
275 1190 345 1256 fere
363 1194 452 1259 idem
468 1196 510 1256 sit
526 1194 615 1280 quod
641 1196 748 1275 adeo,
772 1197 811 1260 de
858 1219 901 1260 uo
928 1197 993 1277 vid.
1018 1196 1118 1262 Tam.
1137 1202 1166 1259 1.
1189 1218 1222 1281 p.
1245 1199 1317 1263 143.

193 1299 223 1328 τ
276 1277 565 1356 Quemadmodum
584 1279 657 1342 iam
677 1281 742 1344 lana
764 1219 858 1347 eatd

859 1304 900 1345 oa
923 1286 1050 1364 ipsum,
1070 1279 1205 1368 gerarte
1230 1279 1315 1356 dies,

274 1361 355 1466 epea
372 1363 467 1510 ‘²55⁸'
490 1385 527 1427 eo
543 1362 617 1428 iam
638 1363 764 1430 darum
788 1364 879 1431 ebera.
922 1365 978 1430 Sia
1001 1367 1117 1430 Graeci
1138 1369 1227 1429 aaziae
1247 1363 1316 1447 ἤδη,

274 1465 404 1530 ustura
424 1473 451 1528 η.

386 1566 443 1620 Gir.
456 1583 484 1635 p.
500 1567 606 1621 cluent.
621 1566 666 1633 21,
680 1565 723 1620 bi·
736 1568 791 1622 iam
805 1567 852 1620 baa
862 1582 963 1636 poaque
977 1583 1060 1636 prope
1076 1566 1233 1634 mipaiesime
1246 1583 1316 1620 eam·

278 1648 286 1654 ’
337 1657 462 1720 paratam
477 1659 523 1716 eat,
543 1653 610 1720 qaod
625 1654 655 1705 ia
669 1654 763 1706 morbis
777 1653 901 1722 carparis,
915 1660 945 1705 at
960 1653 1064 1720 quiaque
1078 1658 1119 1704 eet
1132 1651 1316 1718 difficillimas,

332 1736 373 1788 ita
386 1735 500 1789 mediatae
513 1737 685 1790 aobiiierimas
697 1744 775 1806 atque
788 1738 898 1804 optimus
915 1738 1065 1806 quaeritur,
1082 1738 1110 1788 ia
1127 1736 1250 1806 perieulis
1271 1753 1317 1789 aa·

337 1821 557 1890 pitieatpuaepae
566 1819 819 1891 carmadisfiaiilima
831 1829 877 1886 eu,
896 1823 935 1877 ita
951 1808 1099 1874 deterrimae
1114 1820 1318 1874 obscurissimus-

340 1921 390 1973 pae
395 1906 670 1973 paraueradbibetar.
678 1905 697 1960 i.
707 1924 731 1959 e.
738 1907 837 1976 parade
845 1905 899 1958 dier
909 1906 941 1958 iat
952 1905 1020 1959 aad»
1032 1907 1079 1988 dap
1086 1905 1316 1972 Ademiseticbste.

339 1988 414 2042 Cave
428 1993 527 2054 tamea,
539 2007 573 2041 ne
587 1991 752 2043 reddendum
768 2006 894 2044 centense
913 2009 967 2044 aaa
983 1991 1019 2043 ist
1036 1991 1091 2044 dier
1107 1992 1134 2044 d.
1150 1991 1183 2044 A.
1218 1988 1315 2042 Cioera

270 2121 273 2128 .
335 2075 390 2130 bae
410 2075 519 2142 quidem
546 2074 575 2128 iu
600 2075 722 2130 oratione
744 2075 899 2142 scripsisset
921 2077 975 2128 iam
997 2092 1065 2127 nero.
1100 2075 1210 2127 classen
1232 2073 1317 2128 eiecit

339 2177 445 2227 quaque,
462 2160 532 2228 qnod
547 2159 642 2213 abesae
658 2166 754 2228 pateat,
768 2159 815 2210 sed
830 2177 883 2212 uua
894 2165 1030 2228 repugnat
1041 2157 1200 2212 sententiae.
1227 2158 1314 2211 dead.

339 2245 366 2306 1,
383 2243 409 2309 o,
424 2241 468 2296 ²4.
488 2245 534 2297 aed
548 2247 616 2312 paud
634 2263 665 2299 ea
678 2254 801 2313 atraque,
817 2245 846 2297 id
860 2247 913 2298 iam
929 2261 1018 2312 carpus
1031 2251 1056 2295 et
1071 2245 1146 2310 prasi
1159 2242 1315 2312 qualitatem

298 2378 301 2390 ,
337 2329 479 2398 quamdam
500 2329 676 2382 nominabant.
701 2327 720 2380 i.
738 2343 761 2379 e.
786 2327 842 2380 diet
856 2329 926 2380 ebea-
961 2327 994 2378 de
1010 2323 1063 2377 011.
1085 2324 1233 2392 2126&
1257 2329 1314 2381 iata

336 2414 404 2465 iliad
419 2418 550 2474 uoalaaat
569 2413 737 2476 adamasti,
753 2439 788 2450 -
805 2420 832 2464 ut
846 2413 959 2463 animum
971 2411 1118 2464 advertant.
1152 2412 1181 2464 iu
1196 2413 1275 2466 Verr.
1286 2413 1315 2478 5,

335 2494 379 2559 19,
396 2495 438 2548 48.
459 2497 513 2548 ium
527 2496 593 2546 iliad
608 2497 814 2548 minimemintm
828 2503 874 2558 est,
895 2493 1071 2556 Mamertinos,
1088 2514 1105 2547 a
1120 2513 1168 2563 quo
1181 2513 1314 2552 summum

337 2579 484 2646 beneficiam
500 2587 666 2652 drupparum,
684 2609 718 2618 -
735 2580 789 2631 aias
805 2581 883 2646 capiti
903 2579 994 2635 litteris
1013 2579 1067 2629 ruis
1086 2579 1233 2646 pepercisse.
1268 2580 1315 2635 Ita

334 2661 561 2726 meliorandum,
585 2650 620 2714 et'
634 2663 782 2730 probarunt
799 2661 947 2715 Lambinus
960 2667 989 2714 ot
1001 2660 1153 2727 Graevius,
1170 2679 1223 2714 nan
1242 2662 1313 2717 item

339 2746 480 2814 Zumptius
493 2747 527 2797 ab
541 2747 655 2812 fulsum,
682 2755 712 2800 ut
734 2745 802 2800 mihi
816 2747 941 2810 videtur,
956 2744 1214 2814 interpretationem.
1248 2745 1313 2803 Isiu.

336 2831 380 2895 22,
394 2829 437 2895 14,
453 2829 478 2884 Β.
495 2829 556 2883 abra
571 2832 682 2901 plebeios
696 2833 794 2886 nubilae
808 2833 860 2884 ium
875 2833 965 2883 iisdem
979 2833 1095 2883 initiatas
1109 2847 1162 2884 erse
1182 2833 1264 2887 saeris
1287 2842 1313 2889 et

336 2924 491 2968 rontemnere
502 2919 610 2985 plebem,
627 2935 659 2970 es
673 2937 721 2987 pua
740 2918 864 2971 contemni
878 2914 997 2969 desierint
1013 2934 1031 2968 a
1045 2917 1169 2984 patribus,
1189 2917 1312 2986 coepisse.

281 3043 292 3055 .
333 2998 580 3069 tu‚35,14.quae
601 3005 738 3070 quantita
758 3004 893 3072 eiat‚ege
914 3003 969 3054 iata
986 3003 1046 3054 biae
1067 3001 1205 3069 praedica,
1231 3003 1262 3053 Ρ.
1281 3007 1312 3058 C.

335 3103 375 3139 rae
389 3081 499 3138 emunita
514 3102 551 3149 eo,
569 3086 612 3154 pai
625 3105 693 3138 naar
707 3095 752 3151 est,
770 3087 1217 3156 rempublicamadministraturum.
1236 3105 1311 3156 quae

332 3170 460 3238 quoniam
473 3167 581 3222 librarii
601 3186 654 3222 nau
676 3175 870 3238 perceperant,
893 3168 1058 3238 scripserunt
1071 3187 1120 3239 ego
1141 3171 1310 3226 tamea‘iaaaa

331 3257 462 3325 praedico.
494 3253 566 3306 Illud
581 3270 648 3307 vero
664 3260 705 3306 eat
719 3255 778 3307 eben
790 3256 881 3307 daber.

379 3357 468 3411 Tacit.
483 3357 554 3410 Hist.
577 3356 602 3421 1,
617 3357 660 3410 13.
686 3348 763 3426 eapite
777 3357 830 3409 iam
851 3358 1000 3426 Poppaeam
1022 3358 1145 3410 Sabinam
1163 3355 1309 3424 principale
1363 3429 1369 3438 .

331 3450 443 3495 aramum
458 3449 488 3512 at
503 3443 574 3511 apud
592 3443 717 3497 romeiam
737 3442 872 3495 libidinum
890 3442 1058 3510 deportarat,
1077 3442 1156 3494 danea
1170 3441 1308 3494 Octauiam

332 3543 438 3580 uxorem
451 3523 606 3582 amoliretur.

368 3627 463 3683 Celsus
477 3627 503 3693 Β,
520 3629 546 3682 1.
565 3647 592 3698 p.
605 3628 665 3695 503,
680 3628 723 3682 lb.
740 3631 807 3699 qaod
822 3630 909 3682 ualeat
930 3645 961 3681 aa
984 3589 1079 3680 durum
1092 3626 1242 3691 usuaribus
1262 3627 1308 3679 in-

333 3715 414 3782 eipit,
429 3716 462 3766 ab
478 3713 582 3782 uroque
597 3716 678 3766 latere
691 3715 810 3766 lunatam
820 3722 846 3765 et
862 3733 879 3768 a
890 3713 1055 3784 praecordiis,
1073 3711 1125 3761 iam
1142 3711 1226 3778 ipsum
1239 3727 1310 3776 qua«

330 3813 378 3866 que
393 3797 549 3867 partiiagiae
561 3798 708 3862 mollitum,
725 3799 887 3853 terariaatar.
905 3798 923 3850 i.
938 3814 961 3848 e.
979 3795 1051 3850 setta
1063 3794 1125 3848 eben
1142 3793 1218 3847 aaut.

346 3953 379 4014 2.
402 3950 484 4016 Cum
501 3949 664 4015 adieetivis
688 3959 721 4012 et
744 3948 902 4016 adverbiis
917 3948 989 4010 iam
1015 3947 1240 4032 coniungitur,
1263 3957 1305 4011 ut

263 4030 316 4112 id,
343 4037 431 4118 quod
445 4036 496 4100 his
512 4035 617 4100 verbis
638 4033 774 4117 dicitur,
798 4034 1004 4100 distinctione
1025 4033 1136 4096 iumen
1150 4030 1303 4114 accipiat.

264 4116 368 4204 Saepe
399 4117 434 4183 id
466 4121 557 4188 reddi
590 4130 700 4209 potest
729 4121 834 4188 verbis
865 4115 976 4218 eben,¹
988 4114 1131 4204 gerade.
1182 4115 1304 4183 Graeci
