2856 4720
204 361 209 372 '
264 377 331 444 css
710 371 820 444 'un

328 585 330 594 ,
367 498 442 585 rna
457 527 599 600 nisani,
613 525 776 598 annana,
790 529 816 585 c.
834 530 1195 602 ,inanissimarum
1210 537 1276 596 aa,
1296 539 1327 587 a

335 617 539 686 destringeretur
553 634 582 669 er
597 616 728 686 imputata
746 617 823 669 buno.
838 613 858 670 i.
872 633 897 668 e.
913 617 1120 670 observabatur.
1137 614 1181 680 18,
1197 615 1241 681 19,
1250 615 1328 682 4112

224 712 225 718 ’
335 702 365 762 in
388 718 436 753 usn
453 707 495 754 ‘ert
514 707 540 753 et
562 701 676 753 collicias
697 701 866 772 interponere.
889 700 971 767 19,4
978 741 987 769 ,
1005 701 1059 770 lt,
1074 703 1100 756 3.
1119 702 1185 774 gari
1203 703 1329 756 desideria

335 787 416 841 etiarn
431 787 460 839 ia
474 785 670 856 exprobratione
683 793 769 839 erant.
1300 795 1301 798 ’

373 889 456 942 Caes.
471 889 505 942 Β.
519 889 573 944 cir.
583 887 611 956 8,
625 885 686 942 1114
704 889 750 957 qai
766 896 874 959 propter
890 896 1003 944 maten
1024 890 1081 944 eius
1096 890 1126 962 in
1145 891 1327 963 preparatione
1416 921 1417 938 .

282 1025 286 1034 ,
338 982 411 1028 nortl
429 974 514 1044 regni.
557 983 559 988 ’

137 1119 142 1133 ’
208 1184 212 1192 .
284 1139 287 1145 ·
357 1109 408 1174 15.
430 1109 518 1174 Haec
533 1107 681 1173 conditio
698 1129 811 1174 rerum
831 1117 943 1196 potest
961 1109 1128 1173 actionem
1145 1109 1189 1174 ita
1205 1109 1327 1174 mode-

270 1192 356 1277 rari,
377 1204 414 1276 ut
431 1186 533 1282 quum
550 1194 619 1282 ipsa
639 1196 682 1259 sit
704 1192 855 1273 callist,
881 1189 937 1261 iila
962 1193 1029 1260 fiat.
1073 1191 1146 1259 Hoc
1170 1197 1328 1262 Germani

269 1277 342 1360 bei,
375 1292 493 1361 unzter,
524 1281 708 1362 Graeciinl
730 1305 789 1344 cruc
813 1280 937 1345 dicunt.
973 1281 1172 1346 'Errabant
1190 1303 1268 1346 vcro
1293 1282 1327 1360 ii,
1416 1269 1417 1352 J

271 1365 330 1452 qui
349 1363 431 1432 haec
447 1367 489 1431 nd
503 1387 650 1431 caussam
665 1366 865 1443 referebant,
883 1376 915 1431 et
930 1366 968 1430 in
983 1389 1046 1454 pro
1062 1365 1103 1430 ob
1120 1366 1169 1431 vel
1182 1379 1329 1453 propter

205 1465 213 1512 .’
264 1451 420 1540 *positum
451 1451 639 1516 censebunt.
692 1453 766 1518 Vid.
791 1451 959 1517 chllner.
993 1453 1034 1518 de
1067 1453 1140 1517 Cas.
1164 1465 1198 1516 et
1233 1453 1326 1517 Mod.

235 1597 237 1602 .
270 1559 306 1626 p.
322 1540 375 1603 88.
417 1537 504 1602 Nam
521 1537 669 1602 conditio
691 1548 724 1603 et
736 1559 851 1602 rerum
866 1548 969 1602 status
982 1559 1145 1625 ‚praesens
1162 1539 1327 1625 significa-

260 1631 336 1688 tur.
381 1623 486 1711 Saepe
503 1623 539 1688 id
556 1625 718 1711 temporis
732 1624 916 1712 ,praesentis
933 1626 1106 1698 notionem
1129 1626 1327 1713 complecti-

262 1717 344 1792 tur,
364 1731 426 1774 nac
443 1708 719 1799 repugnabimus,
746 1711 862 1809 siquis
881 1708 959 1774 haec
976 1710 1015 1774 ad
1038 1711 1199 1798 temporis
1222 1712 1326 1775 ratio·

269 1808 350 1860 nem
365 1794 492 1861 referre
507 1796 616 1870 malit:
641 1794 682 1860 de
700 1817 765 1882 qua
782 1816 818 1859 re
838 1794 927 1860 inira
942 1794 1106 1862 dicemus:
1130 1818 1229 1883 saepe
1243 1818 1326 1860 con·
1374 1793 1378 1800 ’

270 1881 561 1947 venientiararum
585 1891 617 1945 et
634 1882 762 1946 occasio
783 1877 951 1947 definitur.
997 1882 1209 1952 Substantivo
1234 1882 1325 1947 enim
1405 1892 1408 1909 “

265 1967 471 2054 exprimitur
493 1969 599 2045 actio,
622 1967 657 2031 in
680 1991 780 2055 quam
803 1966 892 2032 aliud
908 1967 997 2054 ··quid
1023 1967 1157 2048 incidit,
1191 1978 1326 2049 autres,
1416 2005 1417 2048 3

270 2075 337 2140 qua
356 2065 560 2142 occupatus,
586 2051 704 2141 aliquis
728 2052 855 2142 aliquid'
880 2053 957 2142 agit.
1009 2053 1128 2120 Gracci
1149 2051 1221 2144 fere
1243 2054 1327 2120 adii·
1416 2063 1417 2138 ξ

148 2203 153 2214 .
268 2142 361 2210 ciunt
376 2141 602 2230 participium.
1346 2149 1350 2160 ⁴

272 2281 275 2289 ¹
307 2276 309 2280 ·
372 2260 586 2328 Exemplorum,
604 2276 675 2330 quac
689 2259 770 2311 murlo
787 2256 939 2325 attulimus,
962 2255 1096 2328 quaedam
1110 2260 1166 2312 buc
1182 2258 1327 2328 pertinent.

339 2345 397 2400 cic.
412 2345 441 2398 iu
458 2345 541 2402 caat.
553 2346 579 2411 2,
593 2345 620 2411 8,
638 2344 681 2398 18.
697 2345 742 2412 pai
755 2343 898 2416 magnoin
920 2359 982 2396 acre
1003 2345 1089 2396 alieno
1113 2345 1226 2398 naiores
1245 2347 1326 2398 eticae

332 2421 508 2502 postesiioacs
523 2433 628 2485 babent.
662 2431 741 2483 Caes.
757 2430 790 2481 tt.
807 2427 861 2490 civ.
876 2427 903 2492 8,
918 2426 964 2480 al.
980 2445 1131 2497 amaraque
1148 2430 1178 2482 in
1198 2431 1326 2484 sollicitu-

338 2517 404 2570 dine
421 2534 453 2569 ac
472 2519 564 2573 timore
581 2516 698 2586 parthici
719 2515 779 2567 belli
800 2513 827 2565 ia
846 2512 1018 2583 prouinciam.
1040 2530 1120 2580 quum
1141 2516 1251 2569 neniam
1273 2521 1326 2569 etc.

228 2643 230 2650 .
337 2600 364 2668 l,
381 2600 407 2654 i.
419 2607 525 2668 facturn
542 2603 572 2654 in
586 2601 736 2670 perniciosis
750 2600 869 2669 legibus,
889 2598 917 2649 in
931 2598 958 2649 ci
972 2598 1128 2663 tribunitia,
1147 2601 1327 2654 inaccessionc

334 2686 435 2754 papali.
459 2684 488 2737 b.
511 2701 535 2736 e.
561 2685 626 2736 dum
648 2692 793 2738 versantur
813 2682 842 2736 in
861 2680 1170 2752 *perniciosislegibua
1211 2684 1326 2738 Sallust.

247 2769 249 2776 '
338 2769 399 2823 Gal.
416 2767 443 2836 2,
457 2768 484 2822 9.
502 2769 546 2821 scd
560 2769 589 2821 in
603 2787 705 2842 magna
719 2770 795 2838 copia
809 2783 896 2820 rerum
911 2768 987 2820 aliud
1006 2768 1054 2820 alii
1068 2774 1168 2822 natura
1180 2769 1228 2822 iter
1241 2777 1326 2822 oaen-

338 2854 388 2906 elit.
405 2851 454 2906 ubi
469 2852 527 2906 alia
540 2854 656 2908 contulit
674 2853 800 2917 coelius,
818 2857 847 2906 ct
861 2851 896 2904 ad
911 2852 967 2907 (iic.
986 2853 1075 2920 Epist.
1091 2851 1117 2916 1,
1129 2849 1157 2917 4,
1171 2849 1197 2910 6.
1216 2851 1273 2909 cic.
1290 2852 1324 2904 de

340 2935 403 2991 utu.
417 2935 445 3002 3,
458 2936 485 3003 ii,
498 2935 542 2990 22.
560 2940 622 2992 baia
640 2941 669 2992 in
687 2938 812 2993 eiusmodi
825 2937 994 2993 similitudine
1008 2937 1097 2996 omnia
1114 2936 1169 2988 sint
1182 2938 1326 3004 facienda,

338 3029 371 3076 n
383 3023 511 3077 nuncu.
527 3023 547 3077 s.
562 3040 587 3078 ο.
606 3026 646 3078 aa·
665 3023 841 3078 amarante.
854 3011 1029 3086 manaa
1065 3039 1092 3088 ρ.
1112 3007 1220 3074 cruens.
1236 3021 1269 3088 s,
1280 3018 1323 3077 es.

338 3107 467 3161 barinum
480 3109 508 3161 in
519 3126 619 3162 summo
635 3110 730 3175 timore
742 3107 858 3160 omniurn
876 3123 934 3158 cane
954 3107 1067 3159 armana
1085 3103 1227 3160 admicuit.
1260 3105 1325 3162 Sal-

334 3191 399 3244 laal.
414 3193 475 3262 lug.
491 3191 534 3258 14,
549 3191 575 3246 5.
593 3194 622 3246 in
636 3194 690 3245 sais
703 3193 789 3245 dubiis
803 3193 880 3246 rebus
898 3190 1044 3246 societatem
1065 3197 1175 3244 cestram
1190 3177 1326 3262 appetiss-

335 3285 406 3332 runt.
435 3277 556 3346 Quintil.
572 3276 615 3344 12,
630 3275 657 3343 2,
673 3274 716 3329 15.
735 3277 764 3338 in
778 3283 1022 3330 tantecaussarurn
1037 3277 1174 3332 varbtate.
1267 3343 1271 3351 φ

369 3378 429 3432 cic.
444 3379 478 3432 tle
493 3381 557 3434 Seu.
572 3379 600 3444 i,
613 3378 657 3431 21.
682 3397 746 3432 num
762 3386 850 3448 postea
872 3379 1018 3444 Zenonem
1037 3407 1071 3418 -
1092 3378 1238 3450 Diogenem
1251 3381 1324 3434 Stoi·

335 3483 394 3525 errna
408 3467 490 3535 eoepit
501 3467 529 3518 in
541 3466 595 3518 sais
608 3465 701 3517 studiis
714 3465 888 3516 obmutescere
899 3463 1037 3516 senectus?
1070 3463 1192 3518 Criticua
1212 3464 1334 3533 quitiam>

334 3547 364 3603 ia
378 3548 527 3618 premer.
546 3547 620 3616 Lipe.
634 3565 659 3602 a.
677 3546 753 3600 1832.
772 3565 799 3617 p.
815 3544 892 3600 1468.
909 3548 1047 3603 contendit
1060 3549 1149 3602 verba
1162 3550 1255 3601 inanis
1270 3557 1324 3602 aa·

312 3635 401 3704 Ata,
420 3649 491 3702 quae
506 3632 645 3690 contraria
658 3639 750 3688 cuent
766 3631 901 3685 vocabulo
919 3633 1108 3700 obmutescere,
1126 3650 1186 3688 csse
1198 3634 1324 3688 delenda.

332 3717 370 3786 At
384 3716 542 3788 significant
556 3721 619 3784 dane
632 3719 726 3776 stadiis
740 3712 848 3787 operiant
864 3717 943 3770 ledit.

331 3853 400 3937 16.
424 3872 519 3953 Quae
536 3891 640 3957 quum
656 3869 708 3938 ita
723 3870 808 3949 sint,
831 3893 885 3951 ea,
908 3891 991 3958 quae
1007 3868 1145 3935 caussali
1161 3868 1219 3936 vel·
1235 3891 1320 3935 con-

263 3955 413 4024 ditionali
438 3956 663 4024 enuntiatione
680 3956 933 4042 exprimuntur,
957 3976 1024 4020 uno
1042 3957 1179 4021 nominc
1202 3955 1321 4022 condi-

259 4044 359 4108 tionis
378 4053 519 4131 possunt
541 4039 793 4128 comprehendi.
839 4042 894 4108 Sic
914 4040 972 4119 fit,
992 4041 1084 4106 utin
1103 4042 1174 4107 vice
1195 4041 1318 4128 fungu-

257 4139 314 4193 tur
330 4131 509 4194 sententiae
526 4127 755 4192 secundariues
779 4149 879 4216 quam
893 4150 965 4192 rem
988 4130 1056 4192 iam
1072 4127 1206 4192 Cortius
1231 4127 1316 4192 bene

257 4215 431 4303 perspexit
452 4213 493 4280 ad
516 4212 649 4280 Sallust.
677 4213 749 4279 Cat.
772 4219 812 4296 2,
839 4218 892 4280 10.
915 4225 1060 4300 eumque
1081 4223 1239 4301 sequutus
1266 4222 1318 4280 cst
