2856 4722
238 361 240 366 ·
274 354 339 418 404
373 436 385 446 ᾗ
608 341 610 346 ’
729 351 877 474 inruit.
996 382 1000 394 «

360 512 413 572 30.
441 503 505 573 Sed
517 506 709 596 intelligitur
733 503 829 574 etiam
852 517 961 572 totum
984 507 1126 594 spatium
1150 509 1330 595 temporis,

277 594 345 663 sive
362 605 494 682 tempus
510 595 590 658 certi
609 594 754 659 nominis
778 596 992 673 continuum,
1017 594 1050 656 in
1076 614 1143 678 quo
1167 595 1246 680 quid
1275 595 1329 660 ia-

199 745 200 751 ,
278 691 368 744 etum
387 682 436 744 sit.
479 681 552 744 Hoc
568 691 617 744 est
652 685 716 759 er,
740 683 837 765 atque
859 681 949 743 inter
973 680 1332 768 totunuoasiguiiioat

277 776 328 829 tot
345 766 458 829 aunis.
501 765 604 830 [retro
620 702 804 831 iiiaitionem
828 767 990 849 temporis
1011 787 1079 828 nou
1105 765 1188 830 ultra
1208 790 1329 831 excur-

276 851 380 916 rentis
397 859 508 925 notat,
532 862 569 914 ut
583 851 679 922 iutra
695 861 749 914 tot
760 874 869 915 annos
884 852 960 914 sit:-
972 851 1165 937 priusquam
1182 863 1229 914 tot
1248 854 1330 918 anni

276 935 378 1000 finem
404 935 575 1000 haberent.
627 931 728 1016 Quod
752 935 1034 1000 discrimen'bene
1060 937 1329 1010 demonstravere

183 1061 194 1079 ι
278 1021 469 1086 Gronovius
485 1020 524 1086 ud
542 1021 612 1086 Liv.
632 1029 661 1099 1,
679 1028 730 1099 10,
748 1027 780 1086 7.
804 1021 1021 1107 Oudendorp.
1036 1021 1185 1086 ad‘Cues.
1200 1023 1237 1086 Β.
1252 1025 1327 1111 gaii.

165 1141 168 1146 ·
279 1112 377 1184 1,37.
398 1105 596 1194 Zumptad
621 1107 688 1171 Cio.
709 1108 810 1170 Verr..
825 1097 896 1171 Aet.
917 1115 944 1184 1,
963 1114 1011 1179 13,
1030 1112 1083 1170 37.
1106 1107 1161 1170 sed
1188 1111 1261 1173 'vide
1286 1111 1327 1175 de

188 1227 218 1250 ·.
276 1215 339 1258 usu
356 1194 387 1258 in
406 1193 514 1256 iutro.
558 1188 689 1256 Tamen
705 1192 784 1256 boni
808 1194 987 1278 scriptores
1004 1215 1070 1256 nou
1089 1194 1211 1278 ubique
1235 1197 1328 1258 inter

277 1302 342 1368 pro
354 1293 420 1365 per
435 1278 651 1364 usurpabant,
668 1301 726 1341 noe
744 1277 893 1341 dicebant
910 1279 1001 1341 iuter
1016 1277 1150 1364 aliquot
1163 1279 1246 1350 dies.
1268 1282 1326 1343 sed

192 1382 196 1389 '
275 1363 537 1451 magnitudinem
570 1363 786 1450 respiciebant
816 1359 1056 1449 temporis'vei
1089 1387 1239 1449 magnam
1274 1366 1327 1430 vel

276 1453 440 1538 exiguam.
485 1448 608 1512 Gellius
632 1459 740 1512 autem
764 1454 795 1527 4,
811 1454 849 1512 Ἴ.
874 1449 1026 1534 scripsit:
1053 1446 1217 1512 Valerius
1236 1451 1327 1516 Pro-

160 1561 164 1567 ·
275 1521 337 1598 line
378 1533 603 1610 remmotiene
618 1535 710 1598 inter
727 1556 826 1598 sirum
842 1545 992 1598 oetatem
1004 1536 1201 1618 praestanti
1215 1537 1327 1602 seien-

275 1621 328 1686 tia
336 1557 444 1709 iiiii,
468 1618 541 1688 Hoc
560 1619 720 1692 veteribus
737 1619 1019 1693 absurdur‘n'esset
1035 1620 1150 1684 visum.

1235 1726 1245 1755 Ι

379 1771 516 1826 Titinnius
539 1774 612 1842 opud
634 1773 702 1829 Non.
720 1775 746 1841 1,
762 1775 789 1829 3.
805 1793 833 1828 v.
856 1778 948 1846 Toga:
967 1793 1032 1844 quoe
1052 1776 1119 1828 inter
1140 1775 1226 1828 desem
1245 1792 1323 1828 annor

340 1857 451 1926 nequisti
469 1877 549 1912 onom
571 1867 662 1930 togam
681 1863 805 1915 deterere.
838 1861 928 1914 Plaut.
951 1861 976 1912 T
978 1878 1035 1912 ruo.
1052 1861 1078 1924 2,
1094 1857 1120 1923 6,
1136 1858 1177 1911 29.
1196 1861 1264 1918 inter
1285 1867 1323 1912 tot

339 1943 394 2007 dies
409 1943 511 2011 quidem
525 1945 607 1996 hercle
623 1945 676 1997 iam
692 1954 779 1999 netum
794 1947 894 2014 aliquid
911 1947 1033 2015 oportuit.
1057 1945 1076 1996 i.
1094 1961 1118 1996 e.
1137 1951 1260 2011 tempore
1284 1951 1323 1998 tot

338 2026 456 2080 dierum.
490 2027 576 2081 Stich.
594 2025 719 2093 1,6,60.
738 2038 799 2104 quot
812 2031 928 2100 potiones
944 2029 1036 2092 mulsi,
1059 2037 1121 2097 quot
1143 2035 1227 2082 entem
1242 2047 1323 2097 prou-

317 2147 320 2154 ,
339 2113 404 2176 dio,
423 2129 490 2182 quae
503 2114 571 2166 inter
586 2114 732 2166 continuum
747 2115 851 2183 perdidi
866 2115 1014 2166 triennium.
1049 2113 1082 2164 de
1100 2130 1154 2179 quo
1176 2112 1240 2164 vide
1258 2113 1321 2165 Aei-

339 2197 529 2268 dini-Bivium.
554 2214 581 2266 p.
597 2195 657 2250 466.
676 2199 788 2250 Gruter.
828 2198 887 2250 cte.
917 2217 949 2266 p..
960 2195 1052 2264 Quint.
1073 2195 1115 2261 14,
1129 2197 1172 2248 46.
1189 2199 1235 2264 qui
1255 2201 1321 2250 inter

337 2273 378 2336 tet
393 2300 475 2340 uanos
489 2300 520 2334 ae
533 2277 675 2351 appeliant
693 2283 795 2350 quidem
814 2282 956 2348 Quintium.
991 2283 1024 2334 de
1039 2281 1106 2352 Leg.
1121 2282 1195 2334 Mun.
1212 2281 1256 2347 ¹23,
1277 2281 1320 2335 68.

255 2373 257 2384 “
323 2361 385 2436 4φη·
410 2367 479 2419 inter
502 2385 584 2419 aanor
604 2374 640 2418 tot
659 2384 725 2418 unus
741 2369 857 2418 irruentes
878 2367 926 2430 rit,
950 2385 1024 2434 quem
1038 2369 1101 2419 socii
1118 2369 1146 2420 io
1163 2369 1237 2418 urbes
1258 2385 1320 2420 runs

339 2468 399 2503 eum*
421 2452 533 2503 exercitu
553 2452 652 2504 uenisse
674 2452 820 2521 gnudennt.
870 2450 919 2502 uisi
940 2447 1006 2502 ordo
1031 2445 1319 2504 verborum'insoiens

224 2581 227 2588 .
256 2556 262 2568 ·
337 2535 481 2588 senorium
501 2535 708 2601 commovebat,
728 2541 758 2587 ut
780 2534 890 2587 tolieret
913 2551 973 2588 voe.
997 2553 1085 2587 annos.
1130 2536 1207 2602 Qune
1232 2536 1320 2587 Bene-

340 2619 519 2688 olriusnuper
532 2620 566 2672 de
580 2620 632 2671 hoe
646 2620 708 2671 loeo
723 2618 867 2681 disseruit,
885 2619 958 2672 falsa
981 2619 1219 2688 argumentatione
1243 2621 1319 2672 lebo-

261 2723 266 2730 ·
336 2710 414 2758 rant:
431 2722 494 2758 nam
509 2706 587 2756 nulia
601 2703 710 2756 omnino
722 2691 798 2755 vratio
813 2704 920 2768 obstat,
941 2720 993 2772 quo
1014 2702 1103 2756 minus
1124 2713 1200 2756 recte
1218 2703 1317 2766 dicam,

338 2789 412 2843 inter
427 2794 467 2842 tot
486 2777 570 2842 annos
585 2805 671 2842 surum
685 2787 846 2856 Pompeium
860 2788 1000 2866 inventurn
1016 2805 1092 2855 esse,
1111 2806 1192 2858 quem
1202 2777 1320 2840 'venisse

338 2873 493 2944 gaudeant:
512 2889 577 2926 nam
591 2873 793 2942 coniunguntur
817 2874 916 2954 verbax
927 2876 997 2926 inter
1014 2882 1053 2929 tot
1074 2891 1156 2926 aanor
1174 2891 1259 2925 unus.-
1273 2875 1320 2925 der

333 2959 439 3028 einzige
453 2961 481 3011 in
494 2976 523 3010 eo
539 2959 618 3010 oieien
633 2959 743 3012 Juhrea.
775 2957 823 3012 Sie
839 2957 934 3011 Livius
952 2957 978 3022 l,
994 2956 1037 3023 1⁰,
1052 2955 1078 3011 1.
1100 2959 1159 3010 bina
1171 2966 1261 3026 postea
1276 2959 1318 3008 in·

277 3108 282 3120 ¹
333 3046 428 3095 ter'tut
446 3060 528 3094 nanos
548 3065 582 3083 ·-·
602 3045 689 3113 opime
709 3051 791 3112 porta
814 3040 872 3096 sunt
892 3043 982 3111 spolia.
1016 3043 1051 3094 lit
1074 3041 1144 3108 quod
1169 3041 1318 3108 Pompeius

333 3143 402 3178 unus
421 3125 470 3178 iiie
486 3124 564 3192 erist,
583 3144 664 3196 quem
675 3128 746 3179 socii
762 3127 871 3180 venisse
886 3126 1053 3195 gauderent,
1069 3125 1184 3192 reliquis
1206 3142 1256 3193 per
1277 3130 1316 3178 tot

161 3239 167 3246 ·
223 3203 227 3207 ⁸
333 3227 419 3265 euno·
433 3228 518 3290 aegre
532 3210 671 3280 reeeptis,
687 3211 716 3263 id
731 3211 849 3265 maxime
865 3209 1011 3263 videbatur
1033 3209 1224 3268 honorificum.
1259 3210 1314 3263 Sed

303 3345 307 3366 ι
333 3294 520 3360 scribendum,
547 3297 617 3365 quod
632 3296 691 3348 eod.
711 3296 825 3360 erfnrt„
848 3295 1007 3360 confirmet,
1026 3296 1090 3348 inter
1104 3303 1144 3348 tot
1158 3309 1249 3347 anmi.
1282 3296 1314 3350 iu

331 3382 410 3434 verr.
426 3381 486 3434 Aet.
504 3381 599 3446 1,13,
614 3380 658 3434 at.
683 3398 747 3449 qnae
766 3383 835 3433 inter
854 3381 941 3433 decem
958 3396 1038 3432 annos
1054 3405 1088 3420 -
1104 3379 1207 3446 nefarie
1225 3379 1313 3447 flugi-

330 3467 443 3534 tioreque
468 3470 550 3533 sueto
579 3472 649 3520 runt.
691 3463 739 3515 ubi
766 3465 931 3517 Hotomann.
980 3461 1041 3516 Liv.
1062 3463 1095 3526 2,
1117 3459 1149 3526 5,
1172 3459 1198 3513 8.
1235 3478 1312 3529 quum

327 3551 394 3604 inter
419 3567 495 3604 omne
520 3559 620 3621 ternpus
640 3557 720 3619 puter
739 3550 873 3618 uultusque
896 3557 922 3602 et
944 3565 971 3600 or
992 3549 1045 3601 eius
1072 3548 1309 3617 spectaculo-esset.

233 3635 236 3645 ’
328 3636 407 3686 (ines.
418 3635 455 3686 B.
470 3636 536 3704 gaii.
555 3632 639 3699 1,ὃ6.
663 3635 874 3698 intellecturum,
893 3633 954 3702 quid
969 3633 1062 3686 inuicti
1078 3633 1222 3695 Germani,
1239 3649 1310 3683 eser-

326 3718 475 3772 eitntiesirni
489 3721 516 3770 in
529 3720 627 3784 nemu,
646 3720 691 3789 qai
711 3719 780 3771 inter
800 3734 882 3772 annos
911 3717 1082 3788 Xineeturn
1101 3735 1155 3770 non
1177 3717 1309 3780 subissent,

323 3806 420 3858 uirtute
433 3810 542 3870 pennu.

339 3977 341 3982 ¹
360 3917 421 3973 Liv.
436 3919 481 3985 2-1,
496 3917 524 3985 5,
540 3917 582 3971 16.
598 3919 672 3972 intra
684 3933 783 3989 pauens
797 3920 853 3974 dier
864 3912 867 3917 ¹
877 3920 1023 3988 Capetunos
1038 3936 1136 3988 guoque
1151 3919 1179 3971 in
1197 3919 1309 3972 deditio-

322 4019 381 4055 nem
396 4008 503 4074 aceepit.
537 4004 563 4069 2,
581 4003 626 4067 21,
642 4003 667 4057 1.
684 4005 769 4057 vietor
784 4012 822 4058 tot
837 4005 910 4056 intra
928 4020 1024 4071 paucos
1044 4005 1098 4056 dies
1117 4004 1187 4055 teitir
1209 4005 1308 4056 Rorna—

322 4104 381 4139 nus.
416 4088 536 4164 Ytronne
554 4087 583 4141 in
605 4077 757 4140 loeo‘libri
778 4087 888 4158 quidem
909 4087 1038 4140 exhibent
1060 4090 1145 4153 inter,
1163 4081 1236 4158 qirdd
1253 4105 1308 4156 qno

321 4169 469 4242 reiicerent
483 4173 588 4240 critici,
606 4189 657 4228 uon
672 4167 842 4244 perspexisse
856 4170 992 4242 videntur.

498 4483 503 4492 ,
614 4389 628 4474 i
