2856 4720
585 339 720 456 runo.
868 355 870 360 ·
1054 391 1056 396 -
1085 395 1093 410 1
1123 353 1188 418 219
1238 419 1245 434 ,

126 505 206 562 ’ωτι
231 495 272 562 ab
289 515 330 564 eo
344 483 466 562 firimt
482 493 693 578 coniunctio,
710 495 908 584 ‘quaeapud
933 471 1060 566 veteres
1083 500 1190 652 signi·
1211 555 1216 566 .

16 591 17 600 ’
115 577 256 648 ,ἧοαὺαῐ
276 605 415 672 prorsus
442 584 536 669 quasi
559 607 600 648 ex
624 583 766 666 intimo,
801 605 892 648 nune
918 587 1112 685 vero-signi
1138 600 1191 654 cat

105 676 114 684 '
134 670 213 756 quin
230 672 350 759 potius.
360 677 380 708 “
424 671 470 732 Vt
518 682 697 736 raeteream
721 680 913 734 commenta
939 671 1092 736 Caesaris.
1110 677 1190 740 Sca-

132 755 238 841 ligeri,
257 758 313 843 qui
330 756 370 822 ab
389 751 468 838 ἰμάω
485 693 629 837 deducit,
654 768 686 820 et
703 756 923 836 Schwenckii,
948 761 1006 842 qui
1023 756 1097 839 ὅμω,
1123 761 1189 826 hoc
1256 773 1260 786 ¹

26 921 29 928 .
134 852 183 906 cst
206 839 335 926 ὄμνυμι,
357 839 508 920 allirrno,
535 841 571 907 in
594 843 664 907 imo
684 852 849 906 mutatum
874 851 989 929 putat,
1011 845 1058 910 uti
1079 843 1192 930 ὄμβρος

133 928 167 992 in
184 927 309 1004 imber,
330 926 535 1013 reliquifere
554 952 670 993 omnes
689 929 723 992 in
742 949 781 992 eo
799 930 1051 1012 acquieverunt,
1072 942 1110 994 ut
1132 935 1191 997 de-

37 1061 45 1082 .
132 1025 360 1080 monstrarent
374 1014 444 1078 imo
459 1034 531 1076 esse
547 1015 587 1078 ab
604 1016 702 1094 imus,
718 1025 751 1077 et
764 1013 828 1078 hoc
839 1015 903 1076 dici
915 1035 976 1098 pro
992 1009 1124 1102 infimo.
1149 1021 1192 1082 At

95 1100 98 1107 '
131 1121 202 1178 non
220 1101 300 1163 satis
314 1099 585 1176 considerarunt,
608 1122 675 1186 quo
694 1098 802 1163 modo
825 1120 866 1164 ex
886 1096 1027 1198 infimo,
1051 1099 1191 1168 hoeest
1290 1119 1293 1130 '

134 1208 177 1250 ex
196 1183 358 1272 inferimo
376 1185 443 1248 sive
457 1180 650 1272 inferrimo,
666 1185 737 1250 fieri
754 1185 899 1273 potuerit
915 1208 1012 1266 smus.
1058 1187 1192 1277 Syneo-

131 1293 202 1360 pen
228 1268 455 1358 appellabant,
479 1291 562 1356 quoe
588 1282 674 1337 esset
696 1271 846 1336 vocabuli
872 1271 1064 1338 destructio.
1105 1275 1193 1340 Nam

121 1357 168 1422 ‘in
195 1355 323 1434 i-m'us,
351 1357 440 1428 i-mo
465 1359 606 1423 omniuo
629 1357 843 1446 exstirpatam
867 1358 1016 1423 videmus
1037 1369 1191 1427 naturam
1272 1429 1276 1438 ,

130 1442 288 1510 vocabuli
309 1439 486 1529 infercire
503 1441 714 1532 inferrimua.
758 1442 821 1507 Sed
847 1443 1033 1530 procedunt
1059 1445 1099 1511 ab
1127 1448 1192 1513 hoc
1226 1475 1228 1481 ·

77 1607 80 1620 Α
131 1528 301 1619 principio
319 1528 355 1592 iu
378 1523 464 1591 hanc
483 1529 587 1594 viam:
613 1530 682 1595 imo
698 1527 882 1614 significare
898 1528 1023 1613 fundo,
1048 1533 1084 1597 in
1108 1531 1210 1599 sun-·

115 1617 198 1705 do,
230 1624 263 1680 et
292 1635 396 1700 quum
421 1614 581 1680 Germani
606 1615 719 1680 dicant
738 1615 789 1680 im'
821 1615 983 1696 Grande,
1016 1620 1192 1708 propriam

60 1769 62 1777 ,
130 1701 253 1768 latinae
269 1698 449 1786 particulae
466 1701 741 1789 significationem
772 1703 914 1765 esse'z'm
933 1703 1094 1788 Grande,
1118 1730 1193 1772 vom

106 1845 110 1862 ,
135 1786 298 1866 Grande,
330 1786 422 1872 quod
446 1787 489 1851 sit
502 1800 660 1874 prorsus.
709 1787 748 1850 ln
776 1784 893 1872 qulbus
922 1791 1077 1855 omuibus
1106 1795 1192 1857 ratio

111 1868 335 1970 ¹conspicitur
350 1871 461 1940 nulla:
486 1883 575 1940 certe
590 1895 661 1938 non
684 1883 798 1964 potest
819 1893 862 1938 ea
877 1895 920 1938 ex
943 1876 1193 1958 Germanorum
1243 1895 1246 1903 ‘

63 2027 65 2032 ,
128 1969 287 2048 usupetr.
325 2023 329 2028 .

246 2096 373 2176 Boppius
394 2091 434 2168 inf
451 2059 635 2154 courmebtot.
655 2095 690 2148 de
713 2089 946 2180 Demopstratlvis
969 2073 1001 2168 pi
1009 2097 1054 2154 21.
1072 2115 1105 2154 ex
1118 2120 1194 2158 conr·

200 2183 345 2262 paratione
367 2183 482 2252 linguae
503 2182 611 2235 indicae
634 2182 750 2251 collegit
772 2173 889 2250 originis
914 2192 1096 2253 argumentare
1114 2190 1194 2243 imme

201 2288 262 2324 esse
276 2287 327 2338 pro
343 2269 407 2322 omo
428 2269 549 2332 dictum,
568 2267 651 2334 idque
676 2283 709 2319 ex
730 2268 741 2318 ι’
762 2267 947 2334 pronominali
965 2275 993 2323 et
1011 2271 1119 2340 syllaba
1136 2269 1192 2327 amb
1220 2261 1221 2264 Ἴ

202 2363 347 2418 constare,
364 2368 436 2422 quae
450 2353 479 2406 in
493 2348 592 2406 indicis
609 2351 817 2420 pronominibus,
830 2351 931 2406 tertiae
946 2371 1080 2422 personae
1105 2369 1193 2425 eppo-

202 2440 286 2496 nitur.
321 2438 408 2509 ldqne
423 2436 590 2506 persuasisse
610 2439 721 2491 ridetur
739 2437 945 2503 Lindemeuno,
967 2441 1048 2507 quern
1059 2447 1061 2452 ’
1072 2440 1135 2495 uide
1158 2445 1194 2498 ad

202 2525 317 2580 Festum
341 2543 367 2593 p.
390 2523 452 2577 562.
494 2523 631 2590 Equidem
654 2539 722 2576 vero
743 2524 850 2576 nullum
873 2540 972 2576 censeo
994 2523 1111 2594 originis
1132 2544 1194 2583 esse
1220 2583 1225 2596 ,
1253 2515 1257 2524 ’
1296 2555 1299 2562 «

201 2611 427 2680 explicationem,
445 2607 472 2661 in
497 2625 553 2676 qua
573 2607 758 2676 alienissimae
780 2626 825 2661 res
849 2606 1028 2664 similitudine
1042 2611 1102 2669 soni
1119 2631 1194 2671 coru..

205 2700 360 2766 ponuntur,
379 2711 432 2746 nec
449 2693 510 2748 ulle
526 2693 736 2775 siguificaticnie
750 2693 822 2752 ratio
835 2694 964 2753 hebetur.

217 2849 313 2913 Imus
328 2867 399 2917 non
415 2855 465 2914 est
489 2869 554 2996 pro
579 2842 700 2934 infimo
724 2825 868 2929 dietum,
890 2841 949 2912 ‘sed
972 2848 1130 2939 singulari
1153 2871 1195 2919 ex

134 2933 239 3022 stirpe
255 2943 400 2998 enatum.
442 2932 479 2997 ln
513 2931 581 2998 ocis
601 2933 690 2998 enim
710 2933 918 3022 designandis
936 2935 1016 3000 duas
1039 2939 1194 3004 notiones
1285 2931 1293 2949 ’

87 3081 88 3086 ,
135 3021 368 3108 distinguimus
384 3018 463 3087 has:
486 3019 526 3083 ab
546 3041 598 3098 eo,
616 3019 705 3104 quod
721 3041 821 3107 supra
838 3021 888 3085 vel
904 3022 1193 3108 insuperiorere*
1243 3035 1246 3040 ’
1353 3027 1357 3036 ’

136 3096 629 3194 gioneest,descei1dimusad
653 3104 708 3185 id,
731 3104 824 3192 quod
847 3105 988 3172 inferius
1006 3118 1073 3189 est,
1094 3119 1131 3172 ‘et
1152 3109 1195 3176 ad
1246 3161 1248 3168 .

135 3191 313 3257 infimum:
337 3213 404 3280 quo
423 3191 561 3258 altitudo
585 3191 719 3276 quidem
745 3189 912 3259 definitur.
958 3192 1029 3265 sed„
1046 3195 1194 3284 opponi·

116 3289 191 3344 ¹tur
208 3279 308 3345 etiarn
331 3280 377 3368 ei,
402 3278 490 3365 quod
511 3287 563 3342 est
585 3277 620 3341 in
636 3277 806 3365 superiore
829 3289 942 3366 parte,
964 3279 1017 3360 id,
1067 3280 1134 3344 uod
1159 3283 1196 3347 in

103 3374 105 3378 ’
136 3366 303 3429 contraria
317 3377 413 3452 parte
435 3363 525 3429 infra
547 3373 608 3428 est.
638 3365 810 3446 ,Germani
835 3365 950 3435 dieunt
976 3389 1023 3445 ara
1042 3303 1104 3432 der
1127 3361 1196 3435 uri-

137 3449 218 3516 tern'
237 3451 395 3520 Fletcbe.·
428 3449 521 3528 Illud
545 3447 749 3534 significatur
777 3471 856 3516 voce
879 3447 954 3538 inf,
978 3452 1056 3518 xhoc
1084 3459 1213 3520 autem'

135 3559 330 3609 vocezmm.
375 3535 426 3602 Ex
442 3535 509 3600 hoc
527 3529 565 3602 fit
582 3536 707 3614 imum,
730 3536 821 3624 quod
836 3547 887 3600 ast
908 3538 1114 3610 contrarium
1136 3558 1195 3600 su·
1270 3603 1280 3616 ,

164 3646 221 3687 ero
240 3622 460 3701 velsummo,
485 3621 550 3686 dos
573 3620 718 3686 Uetere.-
741 3617 898 3708 infimum
916 3632 1026 3703 autem
1051 3633 1099 3685 est
1129 3621 1195 3690 dea
1225 3662 1264 3710 ,μ

175 3719 314 3776 nter-ste.
358 3707 475 3795 Neque
499 3719 609 3780 tamen
632 3709 666 3772 in
691 3706 754 3772 hae
780 3713 958 3783 notionum
979 3707 1195 3778 similitudine

137 3793 211 3863 lieri
228 3815 296 3858 non
316 3795 437 3882 potuit,
460 3795 619 3860 utimum
637 3817 701 3882 pro
720 3789 840 3881 infimo
858 3795 1033 3872 diceretur,
1054 3803 1087 3857 et
1101 3793 1196 3860 Pthe-

138 3891 194 3946 tor
209 3880 250 3947 ad
266 3881 413 3960 Herenn.
439 3885 470 3953 3,
490 3884 541 3960 18,
557 3885 611 3945 30.
635 3873 810 3948 scriberet:
834 3879 924 3947 nteit
943 3891 1064 3943 nostra
1086 3880 1198 3947 iuter„¹

138 3969 202 4047 sit,
228 3978 344 4032 utrmn
364 3989 387 4032 a
404 3975 554 4040 summo,
577 3989 626 4030 on
640 3964 686 4036 ab
702 3967 790 4046 imo,
813 3990 861 4032 an
881 3963 924 4034 ab
946 3965 1060 4032 medio
1082 3967 1196 4033 nomi·
1287 3993 1290 4001 ¹

80 4131 84 4138 ¹
140 4077 186 4118 nu
202 4075 320 4119 eorum
337 4051 694 4138 dicere-incipiemus:
715 4075 817 4119 nemo
834 4063 946 4116 tamen
964 4048 1123 4139 loquutus
1147 4064 1197 4125 est

141 4139 184 4204 ab
199 4136 322 4229 infimo
334 4149 495 4230 pectore,
519 4159 620 4205 nemo
635 4138 750 4208 imum
774 4139 816 4206 de
841 4135 978 4230 ignobili
1001 4138 1077 4206 loco
1098 4159 1195 4236 usur.
