2810 4726
597 389 693 456 ltu.
1090 489 1094 498 .
1113 393 1175 461 491

233 545 336 598 lterum
349 541 419 594 mibi
436 541 523 596 invito
537 543 615 614 (nuru
634 541 807 616 diligentium
822 541 1000 598 eruditissimi
1016 545 1071 600 viri
1086 546 1178 601 edusi-

195 629 258 704 rcri
280 628 371 695 soleo)
395 626 586 696 disputandum
607 632 649 681 est
671 635 765 681 contre
796 629 1041 698 Stdrenburgiusn,
1072 631 1119 701 qui
1148 631 1192 685 in'
1260 643 1265 658 ⁸

199 715 350 772 Communi.
369 713 394 776 1,
409 711 436 765 2.
455 713 513 766 cio.
532 713 640 765 Oltieiis
657 712 765 767 ediectu
787 733 812 783 p.
828 713 889 766 121.
906 730 1006 766 noveru
1027 715 1178 768 doctrinam

154 823 157 828 ·
198 797 320 862 nstitit,
337 798 383 849 sed
399 815 510 866 prorsus
525 797 642 851 fulsum:
659 799 697 852 itu
711 797 740 850 iu
756 815 811 850 παπ
826 799 865 850 ita
881 797 1038 866 significare
1051 800 1177 865 insofern,

199 889 228 934 et
245 898 348 950 negare
370 883 449 934 modo
472 881 627 936 adiunctum
654 887 682 934 ct
703 882 891 935 secundarium
913 882 1051 934 notionem
1072 882 1128 948 sie,
1148 891 1179 939 ut

198 975 291 1020 ments
307 966 508 1034 praecipiamus
525 967 584 1020 eius
602 967 660 1031 rei,
678 967 712 1020 de
733 983 789 1034 quc
807 975 922 1036 egetur,
942 965 1079 1018 notionem
1102 969 1179 1022 ellin-

197 1051 339 1104 motivum.
359 1052 437 1117 Qucc
453 1051 547 1119 eliqua
562 1069 595 1104 ex
609 1058 686 1117 purte
701 1059 832 1104 verutum
845 1051 918 1104 mele
933 1050 1046 1105 invertit
1061 1052 1179 1106 etleleis
1242 1043 1246 1048 ’
1284 1027 1287 1040 ¹

201 1134 371 1203 argumentis
389 1133 533 1200 instruxit,
551 1139 581 1186 ut
603 1134 723 1203 ineptius
739 1135 857 1193 eredere
877 1133 1028 1188 videantur.
1062 1137 1133 1190 Num
1150 1137 1179 1189 in
1252 1195 1255 1204 ,

200 1218 293 1272 verbis
306 1217 443 1271 Ciceronis
457 1237 510 1271 παπ
525 1221 565 1272 itu
581 1220 636 1292 tcto
652 1220 721 1272 nturi
736 1221 869 1272 interiecto
888 1219 975 1271 inesse
1001 1219 1068 1272 dicit
1090 1230 1120 1274 ut
1136 1223 1180 1273 in-

200 1303 302 1358 teriecto
317 1304 401 1367 muri,
419 1304 459 1356 ita
481 1319 542 1354 παπ
559 1304 623 1357 lato.
657 1303 718 1358 Non
741 1302 842 1356 vidisse
867 1319 931 1355 euru
954 1301 1055 1368 miror,
1076 1306 1131 1358 bec
1151 1305 1180 1360 in

150 1433 156 1442 .
189 1386 335 1442 sententie
351 1386 524 1438 scribendum
543 1386 630 1440 inisse
650 1389 691 1441 ita
715 1406 769 1440 παπ
792 1387 863 1451 luto,
881 1405 935 1439 nou
958 1393 1049 1440 eutem
1070 1408 1120 1442 παπ
1141 1393 1181 1444 itu

164 1509 166 1514 .
201 1469 264 1522 luto.
305 1472 391 1524 Recte
411 1470 549 1539 supplebis
570 1471 747 1524 sententium
772 1488 825 1524 non
853 1471 894 1524 itu
916 1473 989 1536 loto,
1014 1477 1044 1524 ut
1065 1472 1181 1527 fortusse

200 1553 299 1622 uliquis
315 1555 450 1623 opinatur.
485 1554 575 1624 Neget
592 1555 807 1624 Stdrenburgius
826 1571 909 1607 voces
933 1557 984 1608 bus
1003 1554 1081 1624 iungi
1102 1573 1181 1625 posse

199 1632 270 1690 com'
282 1642 339 1694 solo
354 1643 456 1705 verbo,
474 1641 522 1692 sed
536 1642 654 1692 barbare
670 1639 724 1692 dici
739 1658 791 1692 παπ
809 1641 848 1692 itu
867 1641 961 1708 probo,
981 1657 1032 1692 nee
1052 1641 1181 1710 coniungi

201 1741 262 1778 cum
276 1724 435 1789 adiectivis,
457 1741 527 1791 quse
543 1723 702 1798 primurinpu
715 1722 768 1776 loci
782 1722 943 1776 sententium
955 1724 982 1776 in
998 1743 1027 1776 se
1044 1725 1180 1778 hebetent:

202 1825 286 1874 quere
302 1812 437 1862 soloecum
452 1825 528 1862 esse:
548 1805 665 1860 resbace
682 1826 734 1858 παπ
750 1808 789 1858 ita
796 1809 889 1875 scottis
908 1816 953 1859 est.
989 1809 1096 1862 Temen
1114 1810 1181 1864 dixit

202 1893 300 1946 Cicero
321 1897 362 1947 itu
378 1895 472 1956 malie,
497 1911 548 1944 παπ
568 1894 607 1943 itu
632 1891 726 1942 laudat
746 1889 899 1953 Curionem,
926 1891 1038 1944 Tacitus
1066 1913 1119 1946 παπ
1140 1898 1181 1947 ita

202 1981 370 2032 redundare:
398 1986 479 2046 etque
501 1973 701 2044 respiciendum
721 1981 781 2026 eret
804 1957 892 2042 genus*
914 1977 1070 2036 verborum.
1105 1978 1181 2032 Dixit

206 2063 305 2116 cicero
324 2071 385 2116 suut
400 2080 431 2113 cn
447 2079 499 2113 παιι
513 2062 552 2112 ita
570 2061 684 2126 uotique,
703 2068 741 2111 est
754 2077 808 2110 παπ
828 2061 866 2111 ita
882 2067 958 2126 turpe
973 2067 1001 2110 et
1016 2061 1102 2114 inulto
1121 2061 1177 2115 ulie

204 2147 263 2200 olii.
297 2147 393 2212 Sedut
403 2149 472 2198 hoec
486 2161 548 2197 coru
558 2161 606 2196 suo
621 2144 729 2196 decreto
747 2141 881 2205 conciliet,
894 2142 1108 2220 Sttirenburgius
1125 2145 1180 2200 liu-

204 2231 263 2301 git,
282 2231 420 2285 Ciceronis
435 2230 520 2282 luisse
539 2230 678 2297 proprium
703 2228 783 2280 illum
802 2243 906 2279 morem
930 2226 1119 2295 philosophice
1136 2231 1201 2302 lo-¹

205 2317 322 2384 quendi,
345 2317 447 2388 inquo
468 2333 535 2392 ιιιιπι
549 2313 741 2380 praecipietur*
757 2313 816 2378 rei,
844 2311 878 2363 do
901 2328 955 2379 quc
975 2310 1086 2380 egitur,
1106 2315 1180 2368 notio
1289 2332 1293 2346 ⁸

201 2401 388 2466 affirmative,
403 2403 451 2454 sed
468 2407 610 2472 nepotatur
629 2395 702 2449 notio
726 2396 769 2450 rei
785 2397 941 2470 cuiusdam,
968 2413 1049 2464 quem
1067 2397 1182 2466 scriptor

204 2485 273 2538 velit
286 2484 394 2553 respici.
429 2486 502 2538 Τιιιιι
513 2485 577 2537 solis
586 2483 677 2535 verbis
695 2487 722 2534 ct
735 2480 801 2534 solis
817 2479 960 2534 udiectivis
975 2480 1066 2532 locum
1076 2499 1145 2560 esse,
1154 2488 1182 2536 ct

206 2586 289 2638 quum
305 2569 371 2622 dicit
379 2568 475 2622 Cicero
491 2571 525 2621 de
540 2568 595 2622 0ff.
609 2567 635 2633 3,
650 2567 693 2632 2⁰,
706 2565 749 2619 81.
768 2568 804 2631 id,
819 2567 848 2618 iu
864 2584 913 2638 quc
928 2567 1040 2618 violatur
1055 2567 1181 2634 aequitas,

205 2669 258 2708 παπ
272 2655 311 2708 itu
329 2671 474 2726 magnum,
495 2655 679 2718 illudentem,
697 2653 763 2720 quod
778 2669 808 2704 ec
825 2652 990 2720 celperitur,
1005 2665 1182 2719 permagnum

204 2739 324 2803 uidetur,
340 2738 475 2808 intelligi,
494 2755 547 2790 non
566 2738 607 2790 its
622 2752 773 2818 megnurn,
791 2739 822 2787 ut
841 2732 960 2786 violetur
977 2733 1006 2786 in
1028 2751 1061 2784 eo
1083 2734 1181 2816 ceppi-

204 2830 256 2878 tus.
290 2827 368 2888 lloc,
386 2825 456 2893 quod
472 2823 668 2892 grammaticus
680 2825 761 2874 vocnt
779 2817 965 2887 philosophice
980 2817 1110 2882 scribere,
1128 2835 1181 2872 ve-

206 2925 270 2961 reor
283 2927 318 2961 ne
334 2909 394 2978 quis
407 2909 529 2976 ineptum
543 2908 670 2975 appellet.
704 2886 760 2956 sed
773 2904 842 2956 bene
862 2902 994 2956 intellexit
1009 2900 1073 2964 ille,
1092 2903 1181 2955 inter-

206 2993 272 3046 dum
286 2994 327 3059 id,
342 3011 394 3061 quo
410 2995 562 3046 referretur
577 2993 626 3053 itu,
643 2990 672 3042 iu
690 2986 782 3040 verbis
798 2987 1021 3040 antecedentibus
1033 2985 1181 3041 contineris

96 3123 99 3128 .
210 3080 281 3147 quod
296 3087 386 3133 temon
401 3095 454 3130 non
469 3072 555 3128 russtst
570 3073 720 3135 ustionem,
739 3087 808 3139 queo
823 3087 878 3124 uns
899 3077 940 3124 est
954 3071 1079 3124 relative.

240 3181 354 3235 Terent.
376 3179 457 3234 Andr.
480 3177 555 3230 Prol.
575 3176 619 3228 11.
651 3193 701 3228 παπ
727 3175 767 3226 itu
791 3174 910 3226 dissimili
937 3180 997 3225 sunt
1019 3151 1182 3242 argumento.

208 3264 265 3319 Cic.
282 3265 310 3318 in
325 3267 401 3318 Verr.
415 3263 442 3328 4,
456 3261 502 3328 49,
513 3261 573 3314 lot.
589 3269 651 3313 ,sunt
666 3277 699 3313 eu
715 3259 851 3328 perampla
866 3264 943 3324 atque
964 3258 1121 3324 praeclara,
1139 3258 1184 3310 sed

113 3345 118 3360 ‘
208 3367 260 3404 παπ
275 3353 315 3403 itu
330 3352 447 3419 antiqua.
479 3345 602 3408 duabu
617 3345 645 3408 2,
659 3341 684 3395 5.
702 3343 798 3410 reliqui
816 3341 918 3422 etiamsi
933 3342 994 3392 boec
1018 3358 1071 3392 παπ
1085 3343 1183 3410 impro-

206 3435 279 3498 bent,
299 3441 385 3487 tumen
401 3451 492 3486 eurum
507 3445 594 3484 rerum
609 3427 809 3496 disputationem
823 3423 981 3492 principibus
1003 3425 1116 3477 ciuitatis
1131 3442 1184 3478 παπ

207 3518 247 3570 ita
261 3519 376 3570 ἅαααιαπι
389 3525 492 3588 putant.
528 3515 562 3567 dc
577 3513 652 3566 Oret.
666 3512 692 3576 2,
708 3508 750 3574 19,
764 3507 807 3562 ii.
828 3526 859 3560 eo
877 3509 942 3560 milti
957 3509 1059 3578 quidem
1076 3506 1184 3560 nonita

209 3602 310 3653 molesti
322 3585 387 3654 ient.
422 3601 498 3654 Brut.
512 3598 556 3662 tt,
572 3595 633 3650 244.
652 3595 797 3662 παπαπαπαῖ
812 3594 915 3646 omuino
929 3610 1020 3644 nomen
1038 3592 1184 3657 habuerint,

208 3685 317 3738 nonita
331 3687 423 3737 multos
433 3685 525 3751 fuisse.
560 3681 636 3734 Oret.
655 3679 681 3744 8,
696 3675 739 3732 25.
758 3695 811 3730 παπ
828 3679 867 3730 ita
882 3679 937 3728 loto
957 3675 1090 3726 interiecto
1107 3676 1184 3730 mari.

209 3767 244 3820 de
258 3767 318 3821 Fin.
333 3768 360 3834 2,
375 3766 416 3832 lii,
432 3766 475 3819 42.
501 3767 642 3819 accessione
656 3771 761 3815 utuntur
775 3779 828 3813 παπ
842 3762 881 3814 itu
893 3760 1031 3828 probabili.
1051 3757 1127 3813 Brut.
1141 3756 1184 3821 1⁰,

206 3850 251 3904 tl.
270 3854 445 3906 lbemistoctes
461 3853 611 3919 insequutus
626 3854 679 3910 cst,
698 3853 728 3898 ut
741 3847 811 3914 apud
824 3861 870 3895 nos
880 3843 1052 3911 perantiquus,
1070 3850 1098 3893 ut
1114 3843 1186 3910 opud

210 3938 376 3990 Athenienses
383 3953 436 3989 παπ
446 3937 486 3988 ito
498 3951 559 3986 sene
574 3939 652 3984 ustus.
686 3931 764 3996 Ques
773 3929 850 3997 peius
866 3943 917 3980 nou
927 3929 1037 3992 possunt
1045 3924 1185 3993 explicari,

210 4020 369 4089 quemfecit
378 4015 595 4086 stensnnnrgtus
615 4032 641 4082 p.
656 4011 715 4066 132.
734 4013 840 4066 dicens:
860 4013 913 4062 hoc
928 4014 985 4062 cst:
1002 4025 1055 4060 uon
1069 4009 1111 4062 ite
1122 4026 1186 4064 seno

211 4111 308 4168 vetus,
339 4108 370 4156 ut
392 4102 464 4172 spud
488 4098 675 4156 Athenienses.
725 4097 833 4152 Cornel.
855 4095 950 4160 Petop.
972 4092 999 4156 2,
1020 4091 1045 4145 d.
1071 4112 1186 4166 maguae
1243 4111 1248 4116 ·
1293 4113 1298 4121 ’
1388 4089 1391 4105 “

211 4205 288 4259 coepe
299 4179 345 4241 'res
361 4204 413 4240 παπ
427 4187 466 4240 ita
479 4184 584 4256 magnis
599 4183 679 4254 copiis
694 4187 756 4235 sunt
767 4187 865 4250 gutur.
900 4176 1014 4248 Quintil.
1029 4177 1055 4241 2,
1070 4176 1097 4242 b,
1112 4176 1154 4230 18.
