2846 4724
604 356 661 424 IN.
1097 361 1160 426 ⁵21

202 514 302 568 Horat·
316 512 403 583 Eport.
418 511 461 580 17,
476 507 520 568 66.
537 507 654 580 ingrata
669 510 765 565 niem
786 506 847 584 urta¹
859 513 979 574 (lucenda
1000 518 1039 566 eet
1052 513 1082 566 in
1104 513 1161 579 too,

168 601 241 652 nonis
263 607 292 652 ut
317 615 395 668 usque
418 604 541 669 suppetas
561 597 699 650 laboribus.
732 595 946 664 Senonuttpist.
962 594 1005 664 16,
1022 596 1050 650 u.
1066 615 1114 650 nea
1133 598 1163 650 in

170 684 218 737 iioe
243 685 400 749 adunetur,
424 688 453 735 ut
475 682 567 750 aliquo
589 681 754 736 electatione
780 689 945 735 consumatur
968 683 1046 736 dies..
1063 683 1098 736 etc
1115 682 1162 737 Ira

169 768 196 833 2,
211 768 255 832 26,
270 767 296 822 6.
315 769 384 822 nlius
399 784 451 818 non
465 767 493 818 in
509 766 574 829 uec,
595 773 625 817 ut
641 768 803 833 offenderet,
816 767 891 835 feeit.
928 766 1008 820 Cone·
1024 765 1059 819 all
1073 767 1162 820 Mure.

170 851 222 907 16.
233 851 350 921 Quintil.
368 847 437 916 4‚5‚
454 847 497 901 16.
522 850 626 902 etiamsi
647 852 708 919 ipsa
725 858 784 904 runt
805 853 889 915 dura,
915 851 989 903 inid
1010 858 1095 904 tamen
1111 869 1163 904 ou-

170 937 238 1004 leat‚
267 947 296 992 ut
319 955 351 991 ea
376 935 511 998 molliunt,
531 950 598 1002 quoe
621 942 774 1002 sequuntur.
818 934 904 988 Gaius
919 934 1039 988 institut.
1063 933 1096 1001 o,
1118 934 1163 989 tu.
1196 959 1199 966 ²

170 1022 268 1092 Vellei.
284 1023 316 1076 Ρ.
330 1019 364 1084 2,
381 1016 433 1082 41,
446 1014 474 1070 6.
497 1018 535 1070 ila
551 1035 578 1070 se
596 1033 643 1086 per
666 1036 741 1072 omne
759 1021 874 1088 epatium
892 1047 924 1060 -
942 1022 1017 1090 apud
1038 1038 1080 1075 eas
1102 1037 1164 1091 gea-

170 1108 205 1161 sit
222 1134 256 1148 -
284 1105 311 1159 in
328 1107 374 1158 hoe
395 1105 511 1168 seilicet,
536 1119 585 1168 ue,
610 1104 756 1173 siquando
779 1105 880 1173 aliquid
896 1123 927 1157 ee
941 1106 1018 1158 solito
1037 1107 1162 1171 uariaret,

169 1197 298 1260 suspectus
316 1191 372 1255 liis,
394 1190 440 1258 qui
456 1190 534 1241 oenus
548 1190 729 1243 tantummodo
744 1185 1017 1256 eum'euetodietant‚
1030 1193 1111 1257 soret.

208 1291 304 1346 Sanco.
326 1292 361 1345 ile
390 1290 486 1346 Benol.
510 1289 653 1356 3,15‚2.
678 1293 705 1344 in
728 1291 791 1360 qnid
812 1293 856 1346 isti
871 1293 923 1345 oiri
944 1294 1031 1346 ornuti
1052 1293 1164 1347 adhibiti

170 1377 250 1431 eunti
283 1376 367 1443 4,]6,
383 1377 408 1432 1.
429 1379 540 1430 mundus
554 1377 819 1445 aquileiensium
838 1379 970 1432 absoluit?
1004 1377 1101 1432 lustin.
1118 1373 1164 1443 68,

170 1459 198 1526 6,
213 1458 240 1513 4.
258 1460 287 1521 in
304 1461 373 1532 quod
387 1469 444 1514 tum
459 1461 539 1514 missi.
574 1459 622 1514 ubi
639 1460 703 1513 vide
720 1461 899 1516 Benackium.

187 1601 240 1662 82.
263 1593 427 1662 Eventum
449 1596 613 1662 cernimus
633 1597 740 1678 iniis,
765 1619 847 1684 qaae
873 1597 907 1660 in
925 1597 1069 1685 aliquam
1090 1619 1164 1664 rem
1258 1668 1260 1674 ,

102 1682 266 1761 evadunt,
290 1683 339 1747 vel
356 1683 500 1770 aliquam
517 1684 663 1751 formam
679 1685 840 1759 induunt,
861 1682 917 1748 vel
945 1683 1088 1770 aliquem
1113 1683 1163 1749 el-

100 1769 231 1833 feclum
246 1767 379 1833 hubent.
425 1770 482 1833 His
501 1767 656 1833 omnibus
673 1770 809 1856 propria
825 1778 872 1832 est
890 1771 1092 1856 praepositio
1113 1771 1162 1835 in.

102 1855 244 1920 Coneisa
276 1876 354 1919 voro
381 1865 548 1918 structura
573 1855 748 1919 nominum
774 1853 940 1941 imprimis
962 1858 1163 1920 recentiores

101 1942 285 2028 scriptores
313 1937 490 2004 utebantur
510 1952 543 2004 et
566 1939 727 2005 technioi:
750 1939 966 2026 elegantiores
989 1963 1058 2005 non
1083 1964 1164 2005 con·
1194 2021 1197 2030 Ι

101 2036 279 2176 srpeveraut
302 2027 504 2112 coniungere
525 2025 666 2090 nomina
688 2043 749 2114 per
774 2025 1057 2114 praepositionem
1081 2028 1165 2092 sim·
1194 2031 1216 2050 ⁴·

105 2123 252 2200 pmmn

208 2230 289 2286 Hune
311 2248 372 2285 rem
394 2230 464 2283 bene
489 2224 628 2297 perspexit
650 2221 804 2284 Gronovius
827 2224 970 2286 streete.
990 2231 1102 2298 Ann.2‚
1121 2229 1165 2285 16.

173 2315 238 2368 ulii:
257 2318 374 2370 intentus
386 2321 547 2386 paratusque
562 2316 651 2379 mileo,
668 2321 699 2367 ut
716 2315 778 2368 orda
802 2317 917 2384 agminis
938 2319 966 2370 in
990 2319 1070 2371 aciem
1091 2317 1165 2370 adei-

174 2409 258 2454 steret.
276 2400 295 2452 i.
312 2417 336 2452 e.
354 2406 384 2453 ut
399 2399 465 2453 ordo
485 2397 619 2468 agminis,
640 2398 747 2466 quando
767 2391 927 2463 adsisteret,
946 2401 1037 2457 aciem
1057 2381 1178 2455 torma-¹
1249 2403 1251 2412 ’

176 2493 228 2540 ret.
263 2485 334 2538 Ptin.
351 2483 426 2538 niet.
444 2504 474 2539 n.
486 2484 530 2550 18,
547 2482 591 2549 29,
605 2482 649 2547 69,
665 2480 691 2536 4.
712 2483 782 2535 acini
795 2484 824 2535 in
840 2485 935 2536 callum
944 2495 1164 2559 praecoquuutur.

146 2599 148 2607 ι
172 2568 215 2635 17,
231 2567 275 2637 24,
291 2569 335 2636 67,
350 2568 376 2624 6.
396 2571 487 2624 Tacit.
503 2571 572 2624 Ano.
586 2566 687 2634 15,,64.
704 2569 846 2638 pugionem
863 2571 985 2640 asperari
1008 2587 1069 2623 cauo
1091 2575 1117 2624 et
1136 2567 1165 2623 in

78 2655 81 2664 '
174 2669 323 2708 mucronem
340 2657 473 2708 ardescere
483 2657 575 2712 iussit.
610 2651 683 2708 Ptin.
703 2652 776 2705 llist.
793 2652 837 2717 18,
852 2652 896 2718 28,
912 2652 955 2719 67,
971 2651 996 2708 4.
1021 2673 1079 2708 mou
1097 2656 1166 2718 inse-

174 2747 267 2808 quente
283 2759 351 2793 anuo
359 2747 506 2809 frumento,
528 2757 669 2810 mersusque
688 2739 716 2790 in
730 2735 813 2809 prata
834 2740 910 2792 tertio
924 2740 1044 2809 relinqui.
1079 2717 1166 2793 cliu-

174 2821 247 2875 diair.
267 2825 313 2878 lv.
337 2827 416 2878 Cous.
432 2827 504 2884 Han.
526 2823 586 2878 617.
606 2827 635 2877 in
657 2825 738 2876 ciuem
759 2824 868 2877 rubuere
887 2809 981 2895 ὲεηαο.
999 2823 1018 2876 1.
1037 2840 1061 2876 e.
1088 2819 1166 2894 genii
1238 2851 1243 2856 ·

179 2909 261 2976 slepa
274 2909 412 2978 percussis
427 2909 515 2962 lactus
531 2909 573 2962 e'st
589 2907 666 2961 ciris.

127 3005 132 3017 ’
212 3012 269 3064 Cic.
289 3030 315 3079 p.
330 3012 437 3065 cluent
457 3008 582 3076 66,188.
599 3011 709 3079 denique
736 3008 765 3061 in
781 3011 905 3075 saeuitiae
926 3009 1023 3061 lustum
1044 3016 1122 3076 utque
1137 3009 1167 3062 in
1202 3073 1203 3079 ¹

174 3098 454 3168 privignorumsunus
472 3097 570 3169 nupsit.
651 3142 653 3148 ,
689 3122 695 3152 r

143 3171 147 3186 ⁵
214 3201 255 3254 De
270 3201 362 3254 verbis
375 3201 403 3254 in
413 3205 534 3270 frontem
548 3200 679 3271 dirigere,
695 3198 822 3252 instruere
838 3180 1044 3252 Drulrenlroroh.
1060 3197 1096 3253 nel
1105 3197 1166 3252 loir.

180 3283 222 3350 67,
239 3283 283 3349 ts,
298 3283 325 3338 6.
1116 3289 1118 3296 “

142 3359 147 3368 .
214 3387 313 3456 virgil.
334 3388 385 3440 Ge.
398 3387 426 3452 2,
443 3385 503 3441 448.
522 3389 636 3456 ityrneoa
650 3387 704 3439 tasi
720 3393 869 3452 torquentur
887 3386 916 3439 in
938 3387 1023 3440 arcus.
1059 3386 1126 3440 Aen.
1140 3381 1168 3449 6,
1226 3447 1231 3454 ¹

181 3471 224 3526 lu.
239 3475 353 3542 ¹croisum
369 3474 487 3526 euboicae
502 3474 574 3524 tatus
597 3459 690 3542 iugens
704 3469 778 3537 rupis
791 3469 819 3520 in
835 3479 948 3526 autrum.
980 3471 1012 3538 6,
1029 3469 1089 3525 566.
1105 3487 1168 3540 por-

181 3564 225 3610 tus
245 3558 278 3610 nb
292 3574 368 3609 euroo
377 3560 466 3626 fluctu
485 3563 603 3609 curvatus
618 3558 648 3608 in
663 3572 763 3609 arcum.

217 3659 288 3720 Ptin.
302 3659 376 3713 Hist.
394 3663 421 3711 n‘.
437 3657 480 3724 66,
496 3657 523 3723 7,
537 3656 579 3711 46.
597 3660 728 3726 emtique
740 3658 884 3712 tunduntur
900 3659 1067 3734 inqsarinum.
1099 3657 1168 3712 sut.

180 3743 250 3798 Silv.
264 3743 300 3812 6,
317 3743 426 3816 s,104.
448 3762 515 3812 quoe
537 3747 626 3798 divum
649 3745 676 3796 in
698 3745 793 3796 vultur
805 3744 863 3812 igni
878 3746 1026 3811 formanda
1043 3743 1194 3811 liquescat*

181 3847 279 3882 musra.
316 3828 458 3884 Claudius.
476 3827 504 3881 in
519 3829 599 3882 Cous.
613 3829 711 3880 Probr.
727 3825 789 3880 122.
811 3829 938 3881 immensu
952 3845 1045 3882 eunus
1068 3829 1098 3880 in
1120 3829 1169 3880 leo·

181 3921 252 3974 uam
263 3915 423 3985 porrigitur.
444 3915 519 3984 quot
531 3916 705 3970 Burmannus
720 3912 795 3966 mule
811 3911 1023 3980 interpretatur:
1044 3911 1073 3965 in
1089 3929 1169 3965 unum
1273 3925 1276 3939 ·

180 3995 287 4053 litaniae.¹

215 4101 315 4155 Finem
328 4100 411 4154 simul
425 4100 567 4172 intelligar
583 4099 613 4153 iu
624 4099 671 4154 trie
685 4099 779 4154 lustin.
794 4094 822 4161 6,
840 4094 867 4161 2,
881 4094 907 4179 93
931 4099 1055 4168 populum
1072 4098 1101 4150 in
1123 4099 1169 4152 ot·

185 4188 276 4256 requio
301 4187 463 4259 principum,
490 4186 620 4259 principes
645 4187 681 4241 ad
699 4185 832 4241 inutilium
852 4182 1016 4252 imperiorum
1029 4183 1168 4253 formauit·

159 4267 218 4335 111.
569 4315 572 4329 .
835 4270 885 4368 ¹21
962 4336 964 4344 ,
