2902 4718
251 357 312 420 100
545 345 702 417 nomn.
744 347 986 431 flontnovn.

318 501 439 559 'l’ltlnins
465 501 503 557 ln'
521 503 684 572 iurisperlln
702 503 875 588 numquamnp
897 503 964 560 mett
989 501 1172 560 valletorta
1190 505 1293 562 dieue?

319 591 398 644 Enoc
414 589 508 642 Schol.
523 589 631 643 sileio
644 588 748 642 nclitum
762 589 796 642 tul
814 588 913 658 virgil.
929 591 995 642 Aen.
1009 590 1037 654 2,
1049 589 1111 644 020.

334 703 364 764 8.
385 699 533 763 Donatus
551 695 591 761 ad
599 696 734 762 Terent.
751 694 815 764 Ad.
828 704 858 776 2,
878 705 909 778 2,
926 703 957 764 7.
976 699 1077 764 hodie
1093 711 1209 765 utilem
1225 723 1296 766 nou

251 795 382 869 tempus
398 779 595 930 siglssficat'
616 782 679 847 sed
696 783 902 848 iracundum
917 783 1143 885 eloquentium
1165 809 1208 850 uc
1221 797 1294 850 alo·

251 871 419 934 mansuem.
493 879 505 930 l
530 867 569 931 ad
588 869 686 948 Andr.
708 876 735 946 1,
755 875 786 946 2,
802 873 854 934 25.
876 870 977 936 noctae
1000 894 1068 934 non
1092 869 1142 934 ud
1163 881 1229 934 tem
1256 891 1295 932 us

251 979 319 1018 nou
333 953 493 1039 plenum
515 951 576 1017 secl
588 954 637 1016 ud
651 955 948 1019 comminutionem
966 955 1130 1046 refertur,
1151 966 1188 1018 ut
1243 955 1295 1018 ir-

279 1040 377 1102 ilinn:
397 1059 582 1124 numquam
597 1061 710 1106 nurnec
732 1037 833 1104 laodic
857 1041 1039 1104 moriemur
1056 1038 1169 1104 inulti.
1210 1040 1295 1104 Hinc

206 1167 210 1174 -
248 1063 523 1197 iVesterhovius,
555 1123 674 1206 hodie,
705 1125 829 1210 inquit,
856 1125 1019 1210 eleganter
1044 1124 1295 1188 comminationi

251 1207 396 1292 inseruit.
447 1207 489 1274 Et
511 1201 730 1272 Ruhnkenius
754 1209 795 1272 url
823 1209 959 1274 Phorm.
991 1212 1022 1290 5,
1057 1213 1089 1289 8,
1118 1213 1171 1275 20.
1198 1209 1296 1274 hodic

251 1315 348 1378 saepe
364 1315 434 1357 non
461 1302 592 1391 tempus
615 1289 792 1380 significat,
815 1295 871 1358 scd
894 1293 1096 1358 iracundiam
1119 1304 1152 1358 et
1174 1306 1295 1360 stoma·
1374 1361 1377 1370 ,

252 1377 363 1442 chum.
415 1377 508 1458 Quae
530 1374 670 1440 alternat
697 1399 790 1440 exem
818 1379 865 1453 la,
896 1380 1008 1444 omnia
1034 1379 1078 1440 ila
1109 1389 1296 1467 comparatu

251 1473 346 1541 suut,
367 1463 404 1524 ut
418 1459 519 1524 hodie
534 1461 575 1524 de
596 1483 633 1524 re
650 1401 822 1526 efficientiis
840 1461 970 1526 adiiciat
995 1472 1119 1526 certam
1134 1465 1295 1552 temporis

277 1545 400 1612 roximi
415 1544 720 1610 denominationem
745 1550 777 1608 et
801 1566 874 1610 rem
899 1544 1004 1632 ipsam
1028 1545 1187 1632 agendam
1212 1547 1294 1612 cori-

250 1570 371 1695 irmet.
415 1630 596 1710 Quomodo
615 1625 696 1695 haec
713 1629 813 1698 dictio
828 1631 1016 1697 iracundiae
1035 1632 1225 1717 conueniat,
1243 1631 1295 1698 fa·

252 1715 312 1780 cile
327 1707 529 1802 intelligitur.
637 1721 641 1726 ’

298 1844 302 1855 '
353 1833 412 1886 Non
429 1835 485 1886 linc
498 1831 640 1886 retulerim
658 1833 770 1887 Terent.
791 1833 875 1888 Andr.
893 1833 918 1898 1,
932 1832 959 1898 2,
972 1832 1015 1889 25.
1039 1851 1127 1904 neque
1140 1835 1253 1890 Phorm.
1268 1833 1294 1900 5,

317 1917 344 1982 8,
357 1919 400 1970 20.
418 1918 465 1970 scd
482 1918 564 1969 Andr.
580 1913 606 1980 5,
621 1917 646 1978 2,
659 1916 702 1969 25.
720 1937 775 1988 nge
790 1934 856 1972 nune
878 1921 947 1988 insit,-
965 1935 1014 1990 ego
1029 1922 1073 1989 pol
1088 1921 1177 1985 hodie,
1194 1921 1217 1974 n·
1232 1921 1295 1983 uiuo,

318 2005 523 2064 tiliamentum,
540 2002 601 2068 qnid
623 2003 712 2054 herum
731 2005 765 2056 sit
780 2005 873 2072 pericli
884 2005 987 2072 saltere.
1022 2005 1113 2059 Plnut.
1136 2006 1215 2057 Curc.
1229 2003 1295 2068 5‚··3‚

317 2087 361 2141 13.
387 2079 525 2140 delicatum
547 2093 572 2136 tc
596 2086 671 2136 hodic
687 2087 806 2152 surium,
839 2104 897 2137 cum
924 2089 1017 2140 catello
1038 2097 1067 2140 ut
1093 2091 1207 2141 acculei.
1249 2087 1295 2140 Sic

318 2169 421 2223 Gracci
444 2181 560 2238 quoqne.
595 2170 734 2237 Aristoph.
757 2169 829 2222 Plnt.
845 2167 906 2221 433.
929 2163 1028 2242 ἢσφῴ
1047 2170 1157 2242 ποιήσω
1174 2169 1295 2242 τήμερον

318 2255 421 2308 δοῦναι
437 2253 527 2322 δίκην.

333 2379 365 2440 9.
387 2366 411 2438 l.
428 2371 479 2436 Fr.
497 2367 684 2436 Gronovius
701 2373 735 2456 iu
759 2371 911 2436 omnibns
927 2371 1025 2448 locis,
1050 2375 1084 2438 in
1111 2377 1229 2463 quibus
1245 2378 1293 2452 le-

249 2463 337 2548 gitur
355 2451 455 2523 hodie
477 2475 620 2544 quoque,
638 2457 851 2521 'scribendum
882 2480 949 2522 esse
971 2462 1096 2523 censuit
1118 2464 1292 2550 hodieque.

252 2547 324 2610 vid.
347 2544 387 2608 nd
413 2543 480 2605 Liv.
499 2546 530 2620 5,
548 2548 600 2622 27,
620 2539 647 2606 1.
670 2549 722 2622 31,
739 2548 770 2619 7,
787 2547 818 2606 9.
872 2546 912 2605 At
936 2556 1139 2632 quapropter
1162 2547 1215 2612 illa
1239 2549 1291 2612 di-

249 2633 315 2695 ctio
335 2627 557 2714 corruptionis
574 2619 708 2690 nomine
721 2626 896 2690 reiicicnda
916 2634 1019 2708 esset,
1039 2653 1109 2695 nou
1129 2635 1290 2719 exposuit,

248 2736 356 2800 neque
379 2711 456 2775 huic
480 2707 629 2798 oplnioni
656 2709 842 2798 adstipuluti
868 2720 944 2775 sunt
972 2714 1127 2780 Dukerus
1153 2728 1184 2780 et
1207 2719 1292 2782 Dra-

248 2797 492 2876 kenborchius,
515 2817 597 2881 quos
623 2797 696 2861 vide
720 2798 761 2860 ad
787 2793 855 2860 Liv.
878 2797 980 2879 5227,
999 2807 1026 2864 l.
1068 2799 1177 2866 Proba
1202 2803 1291 2868 caim

248 2895 295 2951 cst
311 2883 462 2969 loqualio
478 2891 510 2945 ct
527 2882 654 2970 optimo
671 2882 827 2969 exemplo
843 2880 994 2964 stabilita.

350 2999 408 3054 cic.
429 3017 456 3070 p.
472 2991 553 3053 Rosci
575 3001 634 3054 Ant.
648 2999 693 3065 25,
707 2999 750 3054 to.
776 3002 830 3054 eim
848 3011 925 3072 porro
947 3000 1057 3058 ciuitatis¹
1076 3001 1291 3074 sapientissimum

315 3087 434 3140 Solonem
458 3087 548 3138 dicunt
566 3079 668 3153 suisne,
691 3103 766 3150 nunc,
792 3088 837 3154 qni
858 3089 943 3156 leges,
971 3089 1062 3164 quilius
1089 3089 1166 3141 lsoriic
1195 3107 1291 3160 qnoque

314 3177 430 3234 utuntur,
447 3169 631 3238 conscripserit.
664 3167 724 3222 niv.
739 3159 765 3232 5,
779 3167 825 3232 21,
840 3161 865 3222 1'.
884 3164 952 3240 quoti
966 3163 1041 3224 hodic
1056 3189 1153 3240 quoquc
1167 3173 1194 3224 iu
1208 3174 1291 3227 Grue-

315 3257 356 3306 cin
369 3261 465 3308 munel.
500 3251 584 3316 1,2o,
600 3251 642 3304 13.
663 3253 691 3304 id
713 3253 790 3306 hodic
809 3263 905 3322 qucum
923 3249 1026 3322 publice
1047 3268 1144 3325 semper
1167 3259 1290 3322 refertum
1401 3259 1404 3264 ’
1445 3297 1446 3318 ,

244 3357 247 3374 ·
312 3347 406 3392 manu.
447 3331 525 3394 Libri
549 3329 645 3404 scripti
667 3329 869 3408 discrepantia
891 3337 1001 3391 sueton.
1024 3335 1146 3392 uelut.
1170 3341 1289 3408 vespft.
1323 3390 1325 3394 .

311 3422 405 3475 clnurl.
420 3415 462 3474 Ill.
481 3421 527 3474 rel
543 3419 599 3485 itu,
621 3427 651 3474 ut
666 3440 712 3489 pue
726 3439 775 3502 pro
792 3433 891 3492 quoquc
913 3438 930 3474 n
952 3417 1050 3476 scribis
1067 3424 1234 3492 suppositum
1247 3423 1288 3478 ti-

282 3587 286 3596 ,
312 3505 415 3559 cientur.
432 3507 512 3560 Coul.
527 3507 674 3560 Burmann.
688 3505 716 3560 iu
731 3505 852 3560 nutent.
870 3505 905 3582 etl
916 3504 1131 3564 Suspectam.
1142 3508 1184 3562 10.

329 3631 380 3692 1”0.
404 3628 596 3704 Homnovn
613 3638 691 3714 post
715 3626 849 3712 Augusti
877 3637 1028 3715 tempora
1054 3627 1164 3714 coepit
1188 3649 1285 3692 usur-

238 3714 314 3801 pari
341 3735 402 3798 pro
417 3713 518 3778 hodie
542 3713 665 3790 elium,
691 3711 793 3776 leodic
817 3733 959 3798 quoquc,
980 3714 1078 3778 teate
1102 3713 1198 3776 noch.
1246 3711 1285 3776 In
1326 3752 1329 3761 ·

185 3815 189 3830 “
244 3800 467 3882 antiquiorum
499 3798 699 3881 scriptorum
727 3797 818 3862 libris
851 3797 907 3862 ubl
937 3799 1101 3884 hodieque
1130 3797 1284 3874 occurrit,

244 3883 387 3966 simplex
405 3893 452 3946 cst
482 3882 600 3969 copula
624 3903 685 3969 quc
707 3883 741 3945 in
765 3883 1000 3968 coniungendis
1021 3873 1281 3946 enuntiationum

243 3965 389 4055 partibus
413 3967 458 4032 ita
482 3968 694 4054 interposita,
726 3977 762 4029 ut
788 3985 890 4053 quum
923 3965 1025 4030 lrorlic
1056 3967 1166 4053 primo
1207 3971 1282 4032 loco

203 4116 207 4122 .
243 4050 477 4132 collocaretur,
499 4064 530 4118 et
549 4077 609 4140 per
628 4075 690 4140 que
714 4053 945 4137 adiungeretur
968 4050 1210 4138 superioribus,
1242 4053 1283 4118 de

243 4157 280 4203 rc
305 4135 412 4202 adhuc
432 4149 648 4226 permanente
669 4138 830 4203 <liceretur
853 4146 949 4223 utque
978 4134 1176 4223 significaret
1208 4142 1282 4204 und
1317 4177 1329 4184 -
