2902 4718
630 347 729 414 HVG·
1134 353 1195 420 10⁵

131 470 160 505 '·
237 503 270 567 4.
292 501 501 592 opponitur,
523 511 561 566 ut
575 501 613 567 n
629 503 663 569 n
678 497 925 586 reliquishuiua
940 502 1084 588 genera,
1107 503 1197 583 aune,

152 587 204 653 vel
223 600 350 675 peret,
373 599 489 676 atque,
511 611 572 674 que
589 591 821 664 coniunctum,
843 585 893 648 vel
910 589 1007 650 elium
1030 588 1119 654 nulla
1143 593 1198 654 in-

151 674 284 738 teriecta
299 675 476 762 particule,
498 684 534 740 ut
548 673 773 762 significentur
788 692 830 734 ex
846 670 957 734 multia
974 672 1025 736 vel
1045 676 1198 740 omnibus

151 759 232 823 laaie
252 761 373 824 ineerta
390 758 549 845 quaedam
568 771 602 824 et
622 760 765 824 diversa:
788 755 878 842 quod
906 757 1061 826 Germani
1086 761 1200 824 dicunt

151 843 202 908 du
214 843 287 908 aad
299 844 448 909 dortlaia.
483 843 563 909 lade
579 843 627 922 fit,
642 854 681 908 ut
693 863 789 928 saepe
805 841 901 906 etiam
918 862 981 927 pro
997 863 1197 934 quacumque

151 941 307 1016 ponatur.
340 927 511 994 Interdum
528 941 577 993 eal
593 929 630 994 in
647 939 824 1012 utrumque
838 937 989 1012 partem.
1033 927 1075 992 Et
1104 951 1203 994 come

152 1025 324 1098 ponuntur
337 1015 383 1078 itu
397 1013 508 1088 verba,
530 1035 612 1100 quae
628 1023 780 1078 motuum
797 1013 880 1075 vices
897 1011 922 1074 ai
949 1010 1081 1077 nifiaant
1091 1060 1102 1094 ‚
1129 1015 1200 1078 vel-

151 1102 201 1163 uti
227 1101 293 1164 lana
318 1111 349 1164 et
375 1097 459 1161 illua
483 1120 631 1179 movere,
658 1097 718 1161 uin
741 1095 812 1160 und
837 1035 1089 1184 luer'ieavegeu.
1141 1098 1204 1164 Par

149 1206 217 1270 que
239 1183 361 1248 Plinius
376 1181 511 1330 copulat
526 1183 606 1248 haee
621 1181 798 1263 voeabula,
818 1203 886 1246 noa
911 1183 1037 1248 Cicera.
1080 1185 1204 1250 Seneca

150 1267 242 1334 dixit
255 1269 320 1334 leue
335 1279 368 1333 et
384 1266 412 1330 il
426 1291 454 1331 a.

259 1401 341 1456 ont.
353 1401 423 1482 Μαί,
437 1399 462 1468 4,
477 1399 538 1455 342.
554 1401 604 1456 lua
618 1399 640 1454 it
655 1405 682 1454 et
699 1400 760 1453 liae
775 1399 854 1466 illua,
870 1407 897 1454 et
909 1399 938 1453 in
955 1399 1132 1456 alludentilue
1153 1413 1204 1458 am·

221 1487 263 1540 elie
275 1503 375 1539 eumma
386 1487 484 1556 pedm
502 1513 534 1524 -
550 1485 659 1556 uestigia
671 1486 761 1555 tingit.

255 1587 355 1658 Virgil.
377 1588 445 1641 Aen.
463 1585 489 1651 4,
506 1585 567 1641 285.
593 1589 707 1640 animum
730 1604 800 1638 nune
820 1587 869 1638 lue
890 1587 994 1642 celerem
1014 1607 1082 1642 nune
1110 1589 1205 1647 diuidit

208 1673 289 1726 illae.
323 1670 350 1738 ὅ,
366 1672 428 1725 llll.
445 1691 513 1726 eune
529 1675 579 1726 leue
593 1673 708 1742 ingenitae
723 1688 792 1723 nana
815 1672 877 1723 illua
895 1679 996 1740 pectore
1020 1689 1094 1725 aurae
1115 1683 1204 1728 muta-

224 1751 396 1812 talamum.
431 1757 500 1810 Plia.
514 1755 641 1840 Penne,
655 1756 681 1810 1.
707 1756 752 1825 qui
775 1763 903 1808 terrarum
920 1759 1110 1824 fecunditatem
1134 1777 1204 1814 nune

225 1843 276 1894 leue
290 1859 359 1894 nune
371 1843 451 1906 illua,
466 1849 497 1894 ut
512 1847 613 1910 tempua
626 1849 651 1895 et
665 1842 802 1893 necessitas
814 1849 942 1908 paueret,
963 1847 1125 1911 transferret.

262 1944 319 1998 cia.
336 1944 371 1997 da
387 1943 443 1998 off.
458 1944 485 2008 1,
498 1941 543 2007 28,
557 1943 617 1995 1⁰1.
636 1941 731 2010 ‹luple's
750 1949 788 1993 eet
810 1942 878 1992 enim
900 1943 939 1994 uie
960 1945 1105 1996 animarum
1126 1953 1205 2016 utque

225 2036 334 2082 nutura.-
352 2045 406 2082 uuu
425 2045 488 2100 pura
506 2029 533 2080 in
555 2027 673 2098 appetitu
686 2024 772 2092 poeitae
794 2032 831 2075 eat
845 2051 898 2087 -,
917 2043 981 2091 quae
1009 2027 1134 2082 huminem
1154 2033 1205 2086 luta

225 2122 250 2166 et
262 2114 323 2166 illua
336 2113 417 2182 rapit.
450 2111 569 2180 Quidam
583 2109 659 2162 eadd.
676 2109 780 2160 habent
794 2117 878 2176 atque.
913 2125 939 2175 p.
956 2109 1031 2162 Cael.
1046 2110 1072 2176 8,
1087 2111 1130 2165 13.
1148 2131 1205 2168 οω-

224 2213 282 2252 aare
294 2213 368 2252 niam
382 2206 505 2254 naturam
526 2203 552 2249 et
568 2211 656 2265 regere
679 2194 715 2246 aal
735 2199 834 2261 tempus
856 2200 933 2262 atque
955 2195 1005 2246 luae
1023 2201 1048 2247 et
1069 2197 1130 2248 illua
1151 2205 1205 2250 tar-
1253 2219 1258 2230 ·

226 2299 300 2351 quere
313 2286 461 2350 etfleatere.
495 2279 596 2333 Haret.
614 2273 746 2346 Germ-4,
762 2277 805 2343 11,
823 2276 849 2332 9.
876 2278 926 2331 lua
946 2285 971 2334 et
992 2279 1054 2332 illua
1076 2281 1206 2340 cursitant

226 2369 322 2422 mixtae
332 2368 421 2438 pueris
432 2366 545 2436 puellae.

264 2470 320 2524 cia.
336 2469 370 2522 aa
384 2468 460 2522 Orat.
475 2467 500 2533 1,
514 2465 558 2534 4⁰,
575 2461 635 2519 184.
652 2467 717 2519 ltaee
731 2464 815 2536 igitur
829 2469 853 2516 el
869 2463 1062 2520 lterumeimilia
1072 2468 1131 2520 iuru
1145 2484 1208 2523 eune

227 2557 338 2627 eivitatie
352 2555 518 2626 ignorantem
536 2559 684 2606 ereetumet
698 2553 792 2604 aelium
820 2549 901 2600 atam
924 2556 947 2602 et
967 2558 1087 2621 prompta
1108 2569 1152 2606 are
1176 2569 1208 2606 aa

142 2661 152 2670 „
228 2641 303 2693 multu
323 2641 372 2692 lua
394 2647 470 2706 atque
490 2639 552 2691 ilua
574 2637 715 2689 intuentem
736 2632 834 2704 uagari
851 2657 885 2672 -·
910 2640 960 2686 tate
976 2639 1040 2704 fara
1063 2661 1098 2676 —
1123 2654 1208 2692 manna

228 2723 353 2792 imprimis
372 2723 539 2792 flagitiosum
559 2721 706 2788 putandum
729 2719 791 2772 eet?
825 2715 886 2771 laia.
906 2715 932 2782 5,
952 2714 979 2782 8,
1002 2718 1028 2773 8.
1054 2738 1134 2788 quum
1157 2723 1208 2777 lua

228 2815 305 2878 atque
327 2808 390 2861 illue
401 2808 483 2878 aigae
505 2810 689 2874 transferrent.
725 2801 752 2868 6,
766 2800 810 2868 ²5,
823 2799 849 2854 9.
867 2803 977 2871 repletae
1000 2808 1120 2870 aemitaa,
1139 2809 1208 2862 iuter

226 2893 322 2961 uulgus
335 2891 427 2955 aliud,
444 2907 579 2959 puerorum
596 2896 620 2942 et
634 2890 768 2941 mulierum
783 2887 833 2938 lum
847 2893 923 2954 atque
937 2888 996 2960 illue
1011 2893 1133 2956 euntium,
1155 2909 1208 2958 qua

152 2992 159 3003 ·
230 2993 350 3044 numaque
372 2992 477 3028 auorum
499 2991 591 3026 aeuum
614 2991 721 3026 aenaeae
739 2977 850 3040 ferrent.
884 2969 910 3034 6,
927 2970 971 3035 34,
995 2971 1036 3026 13.
1060 2976 1209 3046 lucetque

230 3059 292 3112 illae
311 3061 394 3130 signu
414 3059 509 3112 moueri
527 3085 560 3098 -
578 3058 675 3124 vidui).
711 3057 769 3110 cic.
794 3055 827 3107 de
849 3055 908 3108 Flu.
931 3055 959 3119 5,
979 3053 1022 3122 28,
1045 3056 1088 3109 86.
1107 3061 1133 3110 ia
1149 3078 1208 3128 qua,

234 3152 319 3200 atrum
337 3144 507 3212 respendere,
524 3159 605 3198 uereea
622 3152 647 3196 te
668 3144 718 3196 lua
742 3149 819 3212 atqua
840 3141 901 3192 illue
917 3157 1014 3193 neaeeee
1031 3149 1076 3193 eet.
1114 3144 1210 3196 calane

232 3227 265 3291 2,
285 3228 327 3281 14.
354 3229 393 3281 ita
412 3230 491 3284 lectus
513 3229 563 3282 lina
581 3235 604 3282 et
627 3227 688 3280 illua
706 3245 789 3279 manu
807 3225 982 3294 impellendus.
1015 3223 1084 3292 8,1.
1105 3243 1130 3295 p.
1146 3225 1207 3294 501,

234 3310 277 3365 14.
302 3313 388 3386 ilique
410 3313 461 3368 leue
481 3321 504 3370 et
526 3314 588 3366 illua
609 3329 635 3367 aa
656 3313 783 3374 inaliaana
806 3310 928 3364 maxillae
945 3311 1106 3378 facultatem
1127 3323 1210 3368 matu·

230 3404 358 3470 praestat.
378 3441 381 3448 ,

265 3501 363 3572 virgil.
378 3501 444 3558 Aen.
459 3497 484 3568 5,
501 3497 561 3554 407.
578 3506 603 3552 et
616 3498 674 3567 ipsu
686 3498 735 3550 leue
748 3497 808 3552 illue
828 3497 968 3550 vinclorum
991 3497 1115 3564 immensu
1135 3501 1209 3556 ualu-

230 3586 303 3640 mien
323 3594 415 3644 uersat.
450 3587 501 3642 Ge.
524 3583 542 3637 2
549 3581 641 3649 still.
657 3598 743 3636 ramae
763 3589 786 3634 et
810 3583 917 3634 trachia
941 3583 1046 3634 tendens
1068 3583 1118 3634 lma
1139 3584 1209 3637 illua.

234 3671 290 3724 cic.
311 3671 345 3723 eal
368 3671 423 3724 Au.
438 3667 471 3735 9,
497 3667 522 3724 9.
548 3668 690 3738 Arpinum,
709 3683 787 3734 quum
810 3682 867 3716 enm
891 3682 1044 3728 conuenere,
1060 3667 1160 3734 aegila,
1177 3685 1210 3722 ue

229 3761 302 3825 farte
319 3762 366 3808 aut
383 3757 480 3820 alaim,
499 3771 577 3822 quum
588 3754 681 3818 ueniet,
698 3759 743 3804 aut
762 3767 859 3809 auream
871 3751 920 3802 llam
933 3750 992 3800 illua
1006 3750 1049 3800 uia
1066 3749 1210 3808 deterrime.

233 3839 323 3895 Tacit.
330 3839 402 3892 nist.
409 3837 476 3905 3,’3,
495 3855 556 3906 nau,
573 3845 602 3889 ut
614 3837 740 3906 plerique,
754 3835 851 3891 ineerta
867 3835 996 3894 dieeaauil,
1012 3833 1061 3882 tua
1075 3833 1136 3884 illua
1150 3842 1210 3887 tra·

229 3931 316 3976 aturae
329 3923 549 3992 interpretatione,
566 3928 645 3990 praut
670 3921 837 3972 eanduaiaaet.
870 3917 936 3969 nnn.
953 3917 978 3978 1,
1001 3911 1044 3968 56.
1070 3919 1114 3970 eerl
1127 3927 1207 3971 eatet-

233 4010 288 4061 ruit
305 4009 416 4060 Caecina
429 4009 479 4060 laaa
494 4008 555 4059 illua
564 4010 651 4074 serene
666 4020 748 4056 mma.
783 4001 862 4054 otia.
877 4002 968 4058 Amor.
984 3999 1009 4064 8,
1019 3997 1044 4064 8,
1051 3998 1077 4052 8.
1097 4006 1216 4074 turpiter·

234 4091 285 4145 leue
298 4093 359 4146 illua
373 4092 521 4162 ingeniosus
534 4108 571 4145 ea.
605 4088 661 4142 vit.
674 4089 822 4145 Burmann.
837 4084 872 4140 all
889 4081 957 4136 Her.
970 4083 1013 4150 23,
1029 4085 1088 4140 133.
