2856 4720
609 371 669 436 IN.
1113 375 1178 438 277

224 487 323 588 renui.
338 519 372 588 e,
386 519 419 588 a,
438 521 463 577 1.
489 525 614 592 ...mm
632 523 699 578 uu.
714 532 802 594 ape..
819 525 849 578 a.
871 522 1055 594 ..epaenetus
1074 526 1178 580 aaa·

186 610 290 663 diuidit.
309 606 330 659 i.
347 624 372 660 e.
387 606 460 662 inter
474 609 666 678 supplemento
679 610 791 662 urbium
805 615 941 677 receptus.

131 717 136 722 '
222 712 256 764 lu
271 709 487 764 maturauere
507 717 550 764 eet
573 712 746 767 committere
768 713 907 766 mundata.
941 710 999 765 Nec
1021 714 1110 780 potent
1133 711 1176 766 ti-

185 801 259 848 ctnm
282 793 373 862 puturi
394 811 444 862 pro
463 796 529 848 inter
550 798 683 851 mandata
705 799 771 863 alia.
812 798 905 853 Pluut.
919 796 1019 865 Amph.
1032 797 1108 850 Prol.
1129 797 1174 851 81.

183 883 230 933 lane
240 871 343 952 “puopue
359 881 439 932 etiarn
453 882 490 933 mi
509 881 538 932 in
553 883 686 934 ruendade
701 883 775 936 dedit
791 890 876 951 pater.
908 883 988 936 (laer.
1007 883 1041 935 B.
1061 880 1130 951 gull-
1147 882 1173 948 l,

146 1011 148 1018 .
183 963 226 1018 43.
239 965 386 1035 postulauit
403 965 495 1018 duim
507 968 616 1032 edent,
633 985 699 1036 puae
713 967 808 1038 legatie
824 967 850 1020 iu
862 967 996 1021 mandatis
1010 967 1125 1030 dedum

182 1103 254 1167 Δ45.
279 1097 450 1180 Quaedam
472 1102 608 1166 nomina
631 1124 707 1167 cum
728 1101 793 1167 hac
818 1103 1066 1190 praepositione
1086 1123 1173 1166 con·
1239 1178 1246 1184 ⁸

113 1188 225 1252 iuncta
242 1188 396 1250 notiones
415 1185 646 1252 adverbiorum
664 1200 839 1277 praestant,
879 1189 944 1252 uod
959 1209 1058 1276 saepe
1073 1189 1173 1253 etiam

14 1291 15 1300 ¹
114 1272 262 1359 simplici
280 1270 422 1335 ablativo
439 1270 597 1351 efficitur,
617 1279 812 1360 praesertim
830 1213 872 1338 ud

873 1274 942 1338 dito
959 1275 1131 1341 adiectito.

220 1393 288 1444 (iata
312 1389 347 1444 de
369 1392 404 1443 B.
420 1407 443 1442 r.
460 1387 504 1443 48.
528 1409 587 1445 eum
601 1393 685 1446 laeum
700 1419 738 1472 .‘''
754 1395 783 1446 ia
799 1393 891 1448 ordine
911 1397 994 1449 serito.
1011 1393 1083 1466 quod
1103 1393 1172 1448 atttt

184 1475 251 1529 iusto
267 1474 365 1530 ardiae.
397 1475 498 1546 Virgll.
513 1475 572 1529 net.
586 1476 613 1542 7,
628 1477 672 1530 2⁰.

132 1627 138 1642 ,
218 1576 318 1630 Vellei.
339 1577 371 1629 Ρ.
393 1578 427 1644 2,
444 1579 505 1632 126.
524 1583 618 1634 luorum
639 1580 748 1634 sedecim
771 1596 901 1633 annorum
920 1598 999 1650 opera
1019 1582 1076 1649 quie
1092 1609 1127 1624 -
1143 1583 1172 1636 ia

177 1663 295 1732 partitae
306 1663 451 1730 eloquatur.
485 1663 667 1719 Ruhnkeniun
680 1683 743 1718 cum
759 1665 854 1718 Vestio
871 1663 1032 1719 abiecerunt
1049 1667 1086 1720 in.
1172 1716 1174 1722 .

217 1763 336 1819 Barbari
354 1762 448 1821 dieunt
464 1767 493 1820 ia
509 1769 610 1838 speeie,
627 1768 655 1824 ia
668 1785 774 1838 genera.

197 1919 252 1982 46.
274 1919 440 1987 Adiectiva
457 1919 636 2007 praemissa
654 1921 902 2008 praepositione
918 1919 956 1984 ia
970 1941 1034 2005 pro
1051 1919 1169 1985 adver·

112 2002 177 2066 biis
201 2006 407 2092 usurpabant
428 2006 622 2092 posterioris
646 1997 722 2070 aevi
739 2007 938 2091 scriptores,
958 2005 1021 2068 nisi
1046 2005 1170 2070 librarii

111 2089 314 2155 recentiores
338 2115 356 2156 e
375 2114 432 2156 sna
453 2090 690 2155 consuetudine
713 2091 810 2154 etiam
833 2091 913 2153 haec
937 2090 1031 2153 novis
1051 2088 1169 2154 formis

112 2174 370 2262 interpolarent.
415 2177 469 2240 Sic
486 2177 522 2240 in
541 2174 652 2258 trevi,
676 2178 714 2240 iu
737 2176 869 2262 primo,
894 2173 927 2238 h.
945 2197 973 2238 e.
996 2176 1036 2238 ab
1062 2177 1168 2240 initio.

112 2261 224 2324 Nemo
241 2271 353 2326 tamen
377 2263 648 2350 non‘distiuguet
667 2263 705 2327 iu
726 2262 858 2346 primo,
884 2260 974 2346 quod
1001 2262 1088 2348 apud
1111 2262 1168 2326 Li·

112 2347 204 2410 vium
229 2345 375 2433 aliosque
397 2348 517 2432 legitur
541 2370 601 2435 pro
626 2349 663 2412 in
683 2348 798 2433 primo
816 2347 958 2434 agmine
977 2348 1027 2410 vel
1047 2348 1187 2412 latera·

66 2435 72 2447 ‘
113 2431 181 2495 vid.
198 2432 349 2496 Gronov.
366 2432 406 2495 ad
421 2435 492 2498 niv.
510 2439 559 2511 10,
578 2434 628 2512 14,
645 2439 693 2499 17.
717 2435 810 2500 Cort.
825 2444 857 2496 et
873 2431 1020 2494 Kritzius
1037 2433 1078 2496 ad
1096 2433 1168 2496 Sal-

111 2517 189 2580 lust.
206 2515 274 2601 lug.
291 2522 342 2586 68.
363 2520 393 2582 4.
437 2518 482 2582 Ia
500 2519 639 2604 priuato
664 2520 784 2584 dicitur
801 2539 864 2605 pro
887 2513 1109 2581 substantivo:
1132 2520 1171 2582 ia

107 2602 292 2688 proximu.-
321 2603 387 2669 sid.
411 2604 505 2668 Cort.
530 2603 569 2667 ad
589 2604 720 2669 Sallust.
738 2604 808 2690 lug.
830 2606 939 2679 59‚.n.
968 2603 1170 2685 inocculta,

114 2687 209 2773 quod
232 2689 310 2752 alias
326 2701 478 2753 secreto:
501 2690 566 2756 via.
585 2690 807 2776 Oudendorp.
827 2689 865 2752 ad
884 2689 976 2752 Ca'ee.
994 2690 1076 2754 Beli.
1093 2690 1188 2776 gall„

115 2780 153 2854 1,
179 2769 245 2838 31.
267 2775 305 2837 ia
333 2781 518 2862 promptu.-
562 2776 626 2844 vid.
657 2779 808 2864 Gronov.
844 2773 984 2846 Diatrib.
1017 2777 1052 2840 in
1075 2777 1170 2841 ·Stat.·
1284 2831 1286 2838 s

113 2859 377 2948 pmmm

213 2978 314 3031 Florus
326 2978 395 3044 1‚¹1‚
411 2975 455 3032 15.
473 2979 558 3031 auctir
572 2979 600 3031 iu
616 2980 686 3032 breui
697 2979 805 3036 uiribus.
840 2978 887 3033 ste
903 2978 1037 3048 praebent
1053 2978 1177 3033 codices*

184 3065 220 3117 et.
243 3063 390 3117 Ruhnken.
408 3065 441 3116 nd
460 3063 557 3116 Vellei.
578 3065 610 3119 Ρ.
628 3063 654 3129 2,
670 3063 714 3128 dl,
732 3063 759 3116 Ἃ.
783 3062 830 3117 ubi
853 3066 1004 3118 Rhenanus
1024 3061 1114 3117 dedit:
1139 3067 1169 3117 in

151 3199 153 3207 s
181 3151 254 3203 treci
267 3151 295 3201 iu
305 3152 423 3216 sormam
441 3150 505 3201 iusti
526 3150 607 3202 coiere
623 3149 756 3202 euerritur.
791 3148 887 3205 Potest
911 3146 1030 3216 intelllgi
1046 3157 1168 3218 tempore,

181 3233 255 3288 intre
270 3234 357 3285 breve
372 3238 496 3301 tempusa
513 3233 563 3286 aed
585 3251 666 3290 nemu
689 3233 864 3302 antiquorum
883 3232 1049 3300 scriptorum
1064 3233 1105 3288 itu
1121 3235 1167 3288 lo-

181 3328 282 3388 quutus
300 3323 370 3402 est.-i

210 3421 307 3476 lustin.
324 3418 374 3483 12,
391 3416 424 3483 7,
440 3417 466 3472 l.
495 3419 562 3487 quod
583 3419 717 3487 inprime
737 3435 769 3472 er
788 3420 888 3488 pertico
914 3420 1050 3489 superbiae
1076 3419 1167 3489 regiae
1206 3445 1210 3461 ·
1244 3471 1246 3476 ,

180 3525 252 3560 more
266 3507 414 3560 distulerat.
449 3505 517 3556 Esse
532 3501 624 3557 dicunt
638 3503 727 3568 initio,
746 3504 877 3572 primum.-
894 3505 964 3571 quod
986 3505 1117 3557 abhorret
1130 3504 1166 3556 ab

179 3591 291 3659 antiquo
312 3607 379 3643 uena
405 3596 433 3641 et
457 3589 565 3642 codices
589 3603 642 3642 non
662 3587 746 3654 pauci
769 3588 900 3644 omittunt
928 3587 1166 3659 praepositionem.

178 3677 261 3729 Falsa
273 3674 360 3744 igitur
375 3680 436 3726 erat
451 3674 605 3742 scripture,
622 3689 705 3738 quem
720 3673 774 3725 lac.
793 3675 913 3728 Gronov.
931 3673 1039 3742 recepit
1055 3671 1084 3724 in
1105 3672 1176 3725 civ..

178 3762 204 3825 8,
223 3760 267 3825 33,
283 3760 326 3812 10.
347 3760 426 3812 iliiu
442 3761 592 3827 priennaee
606 3764 662 3810 tam
675 3766 816 3828 perpetuae
835 3761 963 3816 orationes
984 3753 1063 3827 pram
1084 3759 1165 3810 alter·

178 3847 244 3898 catio
270 3845 484 3896 exaudiebantur.
510 3849 538 3902 et
560 3859 609 3907 en,
637 3860 719 3912 quem
743 3860 815 3895 nune
837 3844 980 3913 vulgatam
1001 3840 1123 3894 videmus
1139 3840 1166 3892 ln

182 3929 244 3982 Liv.
259 3927 292 3990 2,
307 3927 362 3992 40,
377 3928 403 3982 3.
428 3930 454 3980 in
470 3929 554 3996 primo
571 3954 607 3970 -
623 3930 706 3981 multo
728 3927 883 3981 obstinatior
901 3930 1025 3980 advorsus
1043 3929 1167 3980 lacrimae

181 4015 316 4066 muliebres
332 4022 400 4066 eret.
437 3991 617 4066 sartt‘enuum
635 4019 692 4078 ent,
712 4011 784 4081 quod
807 4018 896 4064 exstet
917 4011 946 4064 iu
965 4013 1071 4066 duobus
1091 4009 1165 4062 eodi-

181 4098 260 4152 cibun
275 4099 298 4150 ia
312 4100 405 4167 primo.
659 4149 662 4158 .
910 4141 912 4149 ,
945 4149 951 4156 ,

214 4198 330 4254 menno
346 4201 460 4258 rationis
473 4205 537 4255 aunt
550 4200 636 4256 verbu
656 4201 779 4256 Senecae
794 4199 880 4269 Epist.
897 4198 966 4266 lus,
981 4195 1024 4252 26.
1043 4196 1166 4266 mumad-
1230 4232 1234 4250 .
1266 4219 1274 4234 ·
