2856 4720
150 411 152 416 s
244 339 309 413 244
441 423 443 428 Ι
665 403 666 408 ,
739 339 822 407 ΙΝ.’

245 480 351 568 videri
367 495 478 582 stirpis
495 503 530 561 ct
552 493 757 582 primitivam
778 494 1040 584 praepositionis
1060 494 1129 560 vim
1156 515 1227 562 esse
1250 494 1308 562 de·
1345 523 1350 554 J

228 584 509 663 monstrativum,
526 581 809 667 quemadmodum
829 583 862 646 ἐν
878 603 920 646 ex
937 579 952 648 ἔ
968 579 1092 646 factum
1107 581 1164 647 sit.¹
1196 581 1306 662 Quam

246 671 432 752 doctrinam
447 666 631 733 admodum
647 667 915 751 mirabilemthic
929 669 1075 732 omnino
1092 668 1230 732 missam
1254 666 1308 733 fa·

248 761 390 838 ciamus,
421 755 498 842 quia
521 777 564 819 ne
588 754 767 820 minimum
794 753 930 840 quidem
954 764 1168 818 momentum
1196 755 1242 818 ex‘
1269 776 1307 820 eu

246 862 416 940 emergere
432 839 602 920 videmus,
623 842 715 927 quod
729 843 764 905 in
782 840 1017 927 explicandum
1037 861 1136 905 usum
1162 861 1308 928 praepo·

242 932 374 996 'sitiours
400 927 548 992 adhiberi
565 927 679 1013 possit.
722 927 791 990 Nos
808 926 910 1012 igitur
932 927 1067 992 incertis
1092 927 1307 1014 opinionibus

246 1038 318 1088 non
334 1012 473 1082 adducti
490 1013 530 1078 ab
554 1011 619 1076 hoc
633 1013 728 1077 initio
750 1013 965 1100 incipiemus,
987 1023 1024 1076 ut
1047 1021 1257 1088 statuamus*
1270 1013 1308 1076 in

137 1119 138 1122 ’
215 1101 218 1108 ’
246 1124 318 1167 esse
342 1101 392 1178 ἐν,
416 1097 505 1187 quod
531 1099 644 1163 Cretes
667 1100 766 1164 etium
792 1101 823 1163 ἰν
840 1098 1114 1186 pronuntiabunt.
1145 1097 1307 1164 vidval-
1373 1167 1376 1172 ,

223 1189 365 1254 ‘kenan
382 1185 423 1250 ad
440 1183 611 1252 Theocrit.
627 1185 786 1249 Adonim.
805 1207 837 1272 p.
852 1186 926 1250 364.
944 1185 982 1251 Β.
1026 1185 1114 1248 Haec
1132 1183 1308 1272 praeposi-

138 1273 156 1304 ’·
205 1295 208 1302 ’
247 1276 307 1355 tio,
323 1293 405 1359 quac
421 1265 597 1358 nusquam,
616 1271 711 1336 sicuti
721 1269 759 1334 fit
771 1271 805 1335 in
823 1269 903 1351 aliis,
922 1270 1153 1337 adverbialiter
1166 1273 1308 1358 usurpa-

247 1369 323 1442 tur,
344 1379 421 1422 cum
438 1356 581 1426 ablativo
606 1356 792 1444 composita
812 1355 927 1420 locum
947 1353 1129 1444 significat,
1150 1356 1207 1421 nbi
1227 1355 1308 1442 quid

144 1508 148 1520 q
232 1447 310 1523 ἐὴ,
341 1464 417 1508 cum
444 1443 626 1506 accusativo
650 1443 760 1507 iuncta
789 1441 922 1521 locum,
953 1463 1054 1530 quem
1084 1442 1166 1529 quid
1194 1443 1307 1507 intret.

247 1531 317 1600 ¹Sed
331 1549 409 1594 usus
432 1527 567 1593 voculae
584 1537 653 1591 tarn
675 1527 854 1616 multiplex
866 1531 911 1592 at'
926 1549 965 1602 uc
982 1529 1142 1615 frequens
1167 1538 1235 1608 cst,
1256 1537 1305 1610 ut,

249 1617 307 1704 qui
332 1613 477 1712 singulas
498 1613 642 1678 rationes
664 1613 888 1702 explicaturus
902 1551 1096 1680 discrimina
1120 1615 1219 1680 etiam
1240 1615 1306 1679 mi-
1377 1657 1378 1660 =

161 1757 162 1764 ,
215 1702 423 1766 nutissrrna
439 1699 518 1765 velit
540 1698 733 1777 observare,
763 1700 820 1765 vix
845 1699 975 1767 evitarit
999 1700 1121 1768 nimiae
1142 1699 1308 1766 subtilita·
1396 1757 1397 1760 ,

71 1828 73 1832 .
156 1847 158 1853 s
248 1789 291 1854 tis
306 1784 612 1875 reprehensionem.
673 1797 675 1804 ·

310 1915 312 1920 ’
331 1913 359 1978 Ι.
379 1913 529 1978 Primum
548 1911 588 1978 de
604 1910 765 1976 ablativo:
788 1911 823 1976 in
840 1912 932 1976 cuius
948 1933 1008 1979 usu
1024 1913 1309 2001 praepositionem

233 1998 288 2087 x'in
304 1998 349 2064 ita
366 2020 636 2087 percenseamus,
657 2007 694 2061 ut
711 1997 859 2085 primum
881 2021 935 2074 eu,
960 2021 1043 2085 quae
1067 2000 1108 2064 ad
1124 2001 1235 2064 locum
1259 1999 1311 2065 vel

247 2085 522 2172 rem-pertinent,
547 2083 665 2149 deinde
681 2105 737 2165 eu,
760 2105 844 2169 quae
867 2095 998 2172 ternpus
1022 2085 1226 2172 significant,
1247 2107 1309 2150 ex-

273 2170 428 2248 licemus,
450 2181 483 2236 et
497 2171 593 2236 tertio
609 2169 685 2233 loco
711 2192 747 2235 eu
763 2169 1112 2258 comprehendamus,'
1127 2194 1211 2259 quae
1233 2195 1308 2242 amr

181 2277 184 2284 ’
247 2193 366 2342 lignee
384 2256 537 2322 videntur
554 2277 624 2321 esse
638 2254 776 2321 rationis
789 2255 823 2320 in
837 2255 1122 2323 accommodando
1141 2279 1227 2322 casu.
1270 2257 1309 2322 lu

248 2341 314 2408 illis
335 2364 436 2420 vero,
462 2363 544 2428 quae
559 2351 679 2406 statum
706 2341 741 2404 in
757 2340 875 2426 'aliquo
899 2341 974 2407 loco
1003 2342 1052 2407 vel
1078 2345 1113 2409 in
1136 2344 1245 2430 aliqua
1271 2365 1308 2409 re
1414 2385 1415 2392 κ

250 2426 438 2516 designant,
459 2427 574 2502 omnia
591 2425 745 2512 exempla
761 2427 802 2489 ad
821 2427 1100 2512 duosrcdigenda
1120 2441 1199 2494 sunt
1214 2429 1308 2494 ordi-

248 2535 320 2578 nes.
363 2514 449 2578 Num
469 2523 524 2578 aut
540 2513 722 2599 cogitamus
740 2521 861 2576 statum
889 2524 921 2578 et
939 2514 1167 2580 conditionem
1193 2513 1308 2580 homi-

248 2600 300 2664 nis
320 2599 369 2665 vel
385 2600 434 2664 rei
450 2600 584 2686 agentis,
601 2609 657 2662 aut
675 2598 902 2663 conditionem
916 2621 1041 2675 rerum,
1061 2601 1093 2665 in
1111 2600 1230 2688 quibus
1244 2601 1308 2665 ho-

210 2689 213 2700 ‘
247 2685 354 2748 minos
379 2685 430 2750 vel
452 2707 503 2750 res
525 2684 653 2771 agendo
678 2695 861 2748 versantur.
921 2685 995 2750 Hoc
1028 2687 1170 2753 alterum
1199 2708 1307 2774 genus

247 2768 536 2857 philosdphorum
555 2791 650 2834 more
675 2769 895 2849 obiectirum,
918 2770 1001 2836 illud
1025 2773 1167 2842 alterum
1184 2774 1307 2848 ‘subie-

248 2857 382 2941 ctirum‘
392 2855 560 2944 appellare
576 2855 697 2944 placet.

172 3063 174 3066 Ι
335 2989 364 3048 1.
385 2983 555 3050 Primitiva
572 2981 767 3072 significatio
792 2982 890 3048 huius
915 2985 1173 3074 praepositionis
1194 2987 1308 3062 locum
1414 3053 1415 3056 ,

114 3067 117 3074 ’
227 3068 417 3156 'designat,
447 3071 597 3155 quirem
630 3069 944 3156 aliquamincludit
966 3082 1004 3137 et'
1027 3073 1114 3138 intre
1136 3095 1171 3138 se
1196 3073 1306 3142 habet.
1414 3059 1415 3124 l

136 3193 139 3200 ·
249 3154 445 3242 Opponitur
461 3153 570 3220 exirm
612 3155 650 3221 ld
667 3177 747 3220 voro
767 3156 931 3242 ampliore
947 3159 1087 3223 notione
1104 3159 1248 3224 refertur
1266 3159 1307 3226 ad

246 3239 371 3314 locum,
395 3241 452 3328 ulsi
468 3243 549 3327 quid
566 3241 618 3322 sit,
640 3240 878 3306 denotandum.
923 3242 970 3308 lta
985 3241 1034 3317 fir,
1051 3255 1088 3308 ut
1104 3255 1137 3310 ot
1151 3267 1306 3332 graecum

247 3327 281 3392 ἒν
298 3337 330 3390 et
348 3326 490 3412 latinum
505 3327 543 3392 in
562 3327 676 3392 locum
692 3324 877 3412 significent
892 3330 1098 3414 generaliter.
1142 3330 1229 3397 Illud
1247 3329 1306 3398 aba·
1414 3403 1415 3412 χ

247 3433 353 3498 quum
368 3413 482 3479 dativo
504 3434 598 3494 cusu,
620 3413 677 3499 qui
693 3414 736 3478 ob
756 3413 838 3476 hunc
855 3437 1002 3480 excussam
1018 3415 1176 3481 locativus
1195 3417 1305 3482 vocari

246 3505 280 3562 et
294 3499 452 3584 singulari
469 3497 581 3564 forma
600 3499 762 3586 designari
780 3510 909 3586 potest,
931 3503 1069 3588 propriu
1088 3525 1128 3566 ex
1156 3503 1305 3580 rimatur,

120 3639 125 3654 q
178 3647 181 3654 ,
245 3583 398 3650 inlutinn
418 3585 549 3670 lingua,
580 3588 713 3672 quando
739 3585 1106 3675 accedit‘praepositio‚
1130 3525 1306 3654 lustrati·
1414 3591 1415 3600 ’

245 3689 325 3748 vus,
380 3691 456 3735 uem
484 3681 606 3735 notum
633 3681 683 3736 est
710 3671 939 3757 antiquissimo
972 3684 1125 3762 tempore
1158 3674 1305 3740 eiusdem

126 3747 130 3758 ⁴
244 3693 502 3822 fuisselormae.
545 3756 636 3826 Duae
655 3757 756 3844 igitur
780 3758 938 3822 dictiones
959 3759 993 3822 in
1018 3780 1115 3825 usum
1133 3771 1305 3840 venerunt,
1414 3791 1415 3818 l

213 3897 215 3906 .
245 3841 345 3905 etiam
363 3863 439 3908 cum
457 3841 602 3927 quodam
618 3844 643 3906 si
668 3840 867 3908 nificationis
884 3843 1096 3911 discrimine:
1123 3868 1201 3916 nam
1221 3845 1306 3912 alte·

243 3949 282 3991 ru
304 3927 435 3992 locutiui
464 3929 498 3992 iu
523 3867 713 3992 nominilsus
735 3929 869 3994 urbium
898 3929 1041 4014 indicat,
1072 3930 1119 3996 ibi
1142 3953 1213 4004 esse
1240 3932 1304 3996 ali·

244 4032 364 4100 quern,
385 4012 487 4079 ultera
507 4011 569 4079 ini
596 4009 642 4079 aa
656 4012 738 4079 urbe
754 4015 898 4102 aliquem
923 4038 1031 4099 esse,a
1054 4017 1153 4083 veluti
1172 4015 1304 4084 Romae
1343 4009 1345 4022 ’

244 4107 295 4179 est
310 4120 351 4159 zu
368 4095 455 4162 Rom
463 4146 474 4188 ‚
498 4099 537 4162 in
553 4037 663 4164 Iliamu
682 4109 732 4164 est
753 4101 792 4165 in
807 4099 905 4166 Hom.
949 4101 1124 4168 Locstivus
1140 4099 1176 4169 in
1192 4103 1305 4168 nomi-

245 4179 341 4248 nibus
356 4184 501 4270 urbium,
520 4186 726 4274 praepositio
742 4189 779 4255 iu
795 4186 989 4256 nominibus
1002 4199 1167 4258 terrarum
1184 4209 1304 4277 regna-
