2740 4712
506 267 681 398 mutuu-
768 333 770 340 ·
817 365 820 376 -
1055 333 1120 400 soa

69 477 231 565 *uigerem
255 472 385 538 nullum
407 474 553 540 invenies
567 475 605 538 in
621 472 745 550 Plauti,
767 493 829 536 nae
843 473 877 538 in
892 470 1040 544 Terentii
1056 502 1116 546 ao-

79 563 231 638 masaia,
253 580 313 624 nea
328 559 363 623 in
378 558 582 644 reliquorum
601 569 775 647 poetarum
798 556 1029 642 fragmentis.
1045 566 1122 632 Nos·

75 670 152 714 vero
168 646 208 710 ab
226 645 352 730 origine
368 665 605 731 persequamur
620 665 729 724 usum,
743 652 775 708 et
793 645 1015 729 posteriorum
1031 671 1114 716 oon·

80 731 282 798 suetudinem
305 732 453 816 primum
478 731 699 806 illustremus,
733 726 852 804 deinde
878 727 917 792 ad
943 733 1114 804 translatus

77 816 329 905 significationes
366 815 597 902 antiquissimis
637 813 796 902 exemplis
833 813 1114 902 comprobandam

74 913 286 970 transeamus.

106 1025 109 1034 ⁴
172 1019 262 1074 Vnam
278 1019 414 1072 babemm
428 1018 519 1072 laeam
536 1014 678 1082 Terentii,
695 1031 749 1085 qao
771 1014 816 1081 ib,
832 1016 903 1086 quob
926 1017 999 1085 elixi,
1020 1022 1111 1078 reiettt

138 1102 271 1158 videatur.
305 1103 357 1156 Ab.
378 1101 405 1167 b,
427 1099 455 1167 4,
475 1100 518 1154 22.
545 1101 656 1156 Deerit?
691 1102 721 1154 iri
742 1117 801 1154 enea
824 1101 933 1158 minime
951 1107 1047 1171 refert,
1067 1109 1113 1177 qen·
1151 1167 1155 1176 .

128 1205 197 1241 rastru
209 1193 276 1242 natu
289 1186 425 1240 matrimus.
459 1183 565 1238 Tamen
578 1202 664 1252 qaam
678 1184 706 1238 in
724 1184 842 1254 reliquia
863 1184 988 1241 omnibns
1003 1175 1113 1244 Teresi-

136 1271 189 1326 tias
205 1265 288 1324 uriam
303 1267 433 1324 adhibeat
453 1266 699 1338 significationem,
716 1268 788 1322 nihil
809 1269 940 1337 trapetis,
960 1271 1025 1341 qaia
1047 1275 1115 1327 raet·

137 1355 249 1411 damnas
268 1355 322 1408 dies
339 1355 477 1424 trbgtsrir
492 1353 563 1406 nrieb
580 1371 634 1424 gar
653 1355 736 1408 rriabts
752 1370 817 1418 aas,
836 1355 872 1407 sia
890 1353 933 1408 iab
955 1357 1002 1409 ber
1023 1358 1113 1414 alberte
1167 1405 1169 1410 .

135 1437 188 1492 bia.
221 1439 316 1508 Neque
331 1435 427 1490 atter-ri
450 1443 540 1505 pateat
558 1431 657 1491 'Pinna
683 1438 761 1505 Gapt.
776 1437 803 1504 b,
818 1437 919 1505 t,‚1ut.
942 1440 1025 1494 abiis
1044 1459 1114 1496 arne

36 1550 38 1566 ι
135 1521 195 1575 est?
226 1537 273 1574 aa.
311 1521 360 1572 Vbi
374 1537 425 1589 ega
440 1519 546 1572 minime
570 1529 645 1588 atque
666 1522 737 1590 ipsus
758 1537 784 1574 se
807 1521 859 1574 uait
880 1537 1009 1575 mamma.
1043 1525 1113 1580 Nam

72 1657 74 1661 .
135 1606 207 1659 isias
221 1610 294 1658 esset
307 1601 512 1672 interpretatio:
531 1621 570 1656 aaa
584 1604 626 1656 ieb
639 1620 683 1657 am
695 1604 837 1675 wenigstea
851 1619 919 1674 gera
942 1605 1003 1670 bia,
1019 1625 1048 1662 er
1067 1627 1122 1681 aar·

108 1725 114 1732 .
135 1690 241 1744 auam
253 1691 296 1742 aa.
329 1687 405 1741 naar
427 1687 500 1742 aaa
519 1687 635 1758 aaa...
654 1687 694 1742 aas
711 1695 752 1745 aa
771 1688 959 1753 sarracenas,
980 1691 1028 1746 aa
1048 1710 1112 1750 aaa
1222 1675 1226 1681 ’

136 1787 196 1827 esse
210 1771 320 1827 omnino
335 1787 389 1823 non
406 1772 478 1824 vola.

150 1893 178 1959 I.
220 1893 254 1958 '1.
277 1892 425 1958 Primum
441 1892 541 1978 igitur
556 1891 697 1958 minime
714 1902 762 1958 est
783 1894 978 1973 minimum,
1000 1897 1109 1966 minus

62 1999 167 2068 quam
186 1981 299 2044 omnia
324 1977 403 2053 alia,
429 1977 575 2042 conditio
600 1977 650 2042 vel
673 2001 724 2042 res
744 1979 898 2043 omnibus
917 1978 1056 2047 inferior
1078 1995 1111 2050 et

60 2065 215 2131 maxime
234 2065 354 2148 p'aruar
376 2063 425 2127 im
445 2061 649 2149 geringstea
669 2063 805 2141 Grada,
829 2085 887 2130 um
911 2065 1109 2152 wenig'stea.

61 2150 146 2216 Non
162 2160 259 2236 negat
279 2170 348 2216 esse
361 2153 453 2224 -rem',
476 2147 534 2211 sed
549 2145 666 2212 infimo
682 2148 757 2212 loeo
775 2171 846 2212 eam
865 2147 1013 2214 collocat.
1052 2157 1110 2218 Ab·

61 2255 135 2322 que
156 2234 220 2384 ispo
243 2235 348 2300 modo
372 2234 583 2320 coniungitur
607 2254 685 2298 oum
708 2233 870 2300 adieetivis
888 2244 928 2322 ⁴et
945 2234 1109 2306 adverbiis

58 2330 101 2388 et
116 2341 172 2390 ver
194 2321 234 2384 is.

141 2463 143 2470 ·
168 2438 226 2490 Cia.
243 2435 277 2490 ab
293 2437 371 2490 Fam.
388 2432 433 2499 14,
447 2433 490 2486 lt.
508 2443 534 2488 et
551 2435 662 2508 erebia
675 2437 826 2492 mimrrirnis
842 2439 915 2492 rebus
932 2439 1035 2494 minime
1056 2443 1109 2496 rui-

136 2539 222 2577 samue
241 2521 364 2591 putabis,
401 2521 429 2572 id
446 2519 541 2588 sarim
584 2519 645 2574 htv.
669 2519 695 2584 1,
717 2520 760 2584 2⁵,
784 2521 810 2574 2.
836 2524 926 2590 itaqua
950 2539 1014 2592 ergo
1035 2527 1115 2591 aresti

135 2607 297 2677 suspensique
319 2605 346 2657 in
371 2604 476 2658 minime
496 2611 607 2676 gratum
629 2607 801 2674 spectaculum
822 2606 911 2658 anima
933 2607 1110 2664 manduntur.

137 2689 195 2745 cta
215 2689 250 2762 tie
274 2687 330 2741 ou.
345 2685 429 2752 1,42,
444 2685 503 2740 15⁰.
527 2690 682 2758 minimaque
701 2695 772 2740 artes
793 2691 842 2742 bae
862 2690 1025 2758 probandae,
1044 2711 1111 2761 quae

134 2775 269 2827 ministrae
283 2779 345 2824 sunt
358 2774 524 2840 uoluptatum.

174 2873 231 2926 Cic.
244 2871 320 2924 Orat.
337 2869 380 2936 bb,
394 2871 455 2922 222.
471 2874 516 2924 sert
531 2868 597 2922 atatt
615 2877 672 2923 tam
689 2871 762 2924 debet
786 2889 837 2924 esse
855 2891 1018 2930 numerosum
1032 2895 1111 2946 qaam

134 2959 196 3021 bae,
214 2955 283 3024 quari
297 2955 401 3007 minima
415 2963 524 3022 apparet
539 2961 563 3007 et
578 2952 647 3029 vaiet
662 2957 813 3022 plurimum.
849 2975 875 3024 p.
888 2959 970 3013 lassa
991 2962 1051 3015 Am.
1065 2963 1109 3031 88,

133 3039 194 3094 112.
213 3040 280 3110 quari
302 3039 379 3107 (onus
402 3035 498 3104 aifiaii)
523 3038 627 3089 minime
647 3037 750 3088 uidetur
772 3053 854 3107 graue
873 3041 922 3109 iis,
939 3047 984 3114 qni
1006 3049 1110 3106 minime

135 3125 187 3196 ipsi
202 3124 267 3177 leves
278 3129 348 3176 aaut.
383 3121 524 3190 Coniuage
539 3119 700 3174 adverbium
715 3137 777 3173 eum
791 3125 885 3204 verbo.

149 3263 181 3324 2.
211 3259 356 3346 Augetur
376 3257 422 3323 vis
447 3256 625 3320 sententiae
650 3263 706 3318 aut
735 3261 996 3344 comparatione,
1027 3288 1109 3352 quae

59 3363 144 3409 cum
170 3363 230 3424 eo,
260 3341 349 3430 quod
376 3361 534 3427 umquam
566 3339 639 3405 fieri
664 3341 787 3425 possit,
824 3347 1021 3426 instituitur,
1051 3375 1111 3438 per

56 3428 265 3520 particulam
288 3451 410 3516 quum,
436 3427 584 3508 horest,
607 3423 806 3513 quamjieri
823 3441 957 3516 potest,
980 3445 1033 3498 aut
1051 3437 1110 3500 ad.

59 3513 139 3582 dito
157 3513 301 3599 genitivu
315 3513 477 3578 omnium.
641 3533 643 3538 ·
742 3561 743 3571 ,
1077 3513 1078 3518 ’

177 3632 238 3687 'cia
253 3633 288 3686 eie
301 3630 356 3684 off.
370 3632 396 3697 1,
410 3631 454 3696 al,
469 3625 530 3694 114,
554 3629 578 3680 si
599 3643 652 3680 narr
670 3627 775 3694 eierare,
800 3639 831 3684 aa
852 3627 930 3702 φωῃί
948 3637 1053 3691 minime
1066 3639 1109 3692 iu.
1182 3631 1184 3636 “

136 3717 226 3771 &aare
235 3720 327 3785 facere
341 3718 474 3786 passimus.
517 3713 624 3766 cornel.
644 3711 745 3763 Timui.
763 3711 829 3778 b,3,

168 3817 224 3870 Cic.
237 3837 264 3888 p.
282 3821 363 3872 Rosa.
378 3817 438 3870 Am.
456 3815 500 3882 34,
514 3813 557 3870 96.
576 3816 613 3868 ab
627 3821 652 3868 te
668 3795 773 3867 minime
790 3819 904 3871 amnium
916 3819 1066 3888 pertinebat.

151 3958 183 4018 8.
218 3951 391 4017 Contraria
418 3938 511 4016 notio
539 3950 688 4014 manime
720 3970 802 4032 euml
825 3951 965 4017 minima
994 3954 1111 4019 collata

58 4037 257 4102 oratoribus
279 4058 377 4123 saepe
402 4036 539 4124 praebet
569 4035 740 4100 materiam
766 4036 936 4101 antithesis
959 4036 1112 4104 forman·

54 4122 247 4272 dapiIHsee
260 4144 341 4193 vero
351 4121 557 4189 subtiliorem
566 4119 966 4272 distinetionemggxhibet
982 4126 1113 4210 quando
