2856 4720
198 473 344 556 estimatur
358 501 386 555 ia
405 501 515 572 papalia
550 480 590 552 11
603 497 762 569 Madvigius
785 504 870 570 negat
890 498 951 579 dici
970 486 1049 570 pario
1064 471 1201 560 rcimtar*

200 591 235 641 ab
249 588 376 640 institutio
390 587 483 656 papali
505 589 533 658 et
547 584 619 651 qaod
637 585 710 644 idem
724 586 762 638 sit
774 587 801 638 iu
817 581 951 640 r'astr'tatie.¹
987 583 1114 660 Attameri
1127 592 1203 645 hocs

201 679 305 745 potest:
326 689 390 726 narn
405 671 473 726 scita
486 671 538 724 illa
551 679 684 740 apparent
700 671 784 726 etiam
803 669 832 724 in
849 669 980 724 institutis
996 679 1025 754 et
1035 674 1156 744 legibus.

145 815 147 818 ’
215 813 269 876 41.
293 811 356 876 Sed
373 808 427 873 hic
445 829 581 895 campus
599 807 699 874 latior
715 817 815 895 patet.
860 807 945 872 Nam
962 828 1064 896 quum
1081 833 1184 900 quae-
1198 800 1208 821 .,

131 917 273 984 cumque
289 920 342 963 res
357 895 444 960 facta
461 895 625 980 ineliquo
641 892 718 958 loco
735 894 882 982 aliquave
903 913 939 957 re
965 898 1185 984 conspiciatur

132 995 165 1048 et
188 984 221 1047 iri
246 992 283 1048 ea
309 989 485 1071 appareat,
510 981 601 1043 nullu
626 979 695 1043 fere
719 992 768 1044 eet
796 979 971 1063 nancaei,
1003 1001 1087 1068 quae
1114 1006 1185 1050 non

132 1070 239 1157 possit
256 1068 319 1133 hac
338 1067 475 1131 notione
497 1065 546 1130 rei
564 1064 814 1151 comprehendi.
857 1065 904 1130 lta
924 1067 1045 1132 'sedulis
1070 1091 1185 1157 gram-

131 1154 262 1220 maticis
286 1151 461 1239 multiplex
486 1153 657 1236 negotium
683 1161 751 1214 erat
769 1161 940 1239 paratum,
962 1161 1001 1216 ut·
1025 1152 1186 1222 docerent

132 1241 172 1305 in
198 1261 260 1326 pro
284 1238 353 1304 eliis
379 1234 681 1324 praepositionibus
704 1260 746 1324 a,
770 1259 864 1313 cum,
895 1249 1035 1321 contra,
1058 1237 1120 1320 de,
1144 1265 1186 1308 ex

130 1327 236 1412 poni,
269 1324 416 1409 adeoque
448 1344 561 1387 earum
587 1319 860 1408 significationem
887 1323 922 1388 in
960 1346 995 1390 se
1026 1327 1203 1426 recipere*

133 1412 189 1476 Sic
212 1410 458 1486 demonstrant,
485 1407 540 1470 ubi
563 1407 637 1471 sine
660 1408 851 1494 oppositum
871 1408 999 1492 vident,
1022 1411 1060 1475 ia
1080 1415 1186 1498 signi·

130 1494 231 1560 ficare
247 1518 341 1571 cum,
364 1493 466 1558 veluti
482 1493 569 1582 apud
590 1492 723 1556 Celsum
747 1495 785 1575 t,
805 1500 837 1559 2.
859 1495 898 1560 1ιί
919 1485 1034 1560 amaea
1051 1495 1185 1566 dolores

132 1580 297 1646 modo-in
317 1577 430 1668 febre,
460 1578 562 1642 modo
584 1579 658 1642 siue
681 1579 748 1642 bac
771 1589 859 1644 suat.
900 1580 1007 1645 Nemo
1032 1589 1144 1651 tdmen
1167 1609 1186 1652 a

131 1666 230 1732 nobis
259 1667 292 1731 id
317 1663 518 1753 postulabit,
545 1673 583 1728 ut
607 1685 723 1737 omnes
751 1662 809 1728 has
833 1664 1010 1753 opiniones
1032 1669 1187 1738 cornm'e-

131 1773 305 1824 moremus
322 1762 419 1838 atque
443 1749 636 1814 refutemus.
681 1750 842 1838 Principia
865 1762 977 1816 tenere
998 1756 1101 1820 satias
1125 1769 1187 1826 est.

133 1838 322 1925 Scriptores
339 1847 467 1914 autem,
493 1837 547 1921 qui
571 1836 612 1899 de
634 1835 940 1920 rebusqcommsnis
964 1839 1049 1904 vitre
1072 1853 1186 1928 agunt,

135 1931 198 1999 ar'rt¹
215 1925 273 2010 qui
296 1924 361 2010 ipsi
385 1921 517 2006 vulgari·
534 1922 681 1984 sermoni
710 1942 767 1985 sua
793 1921 892 1986 verba
922 1923 1209 2010 accommodaqt'

132 2010 260 2079 mirum
288 2010 329 2073 -in
361 1997 501 2072 rirodurn
536 2005 749 2092 frequentant
781 2005 869 2070 hanc
897 2011 1187 2103 praepositionem.

134 2095 229 2162 ldcm
245 2094 393 2162 videmus
413 2092 500 2186 apud
520 2090 600 2156 alios
615 2092 761 2180 populos
777 2090 861 2156 fieri.
1205 2118 1208 2126 ¹

239 2213 335 2268 celsae
358 2213 391 2278 4,
414 2186 446 2278 2¹,
472 2211 497 2266 t.
522 2214 586 2266 baec
608 2213 697 2265 amaia
721 2206 843 2282 κορύζας
864 2213 1036 2284 Hippocrates
1063 2184 1203 2278 nauticae..

156 2297 162 2302 ’
201 2300 279 2354 Naue
293 2301 366 2353 videa
379 2301 451 2370 apud
469 2300 581 2352 Graecae
594 2297 623 2350 ia
636 2297 785 2368 grauedine
798 2298 845 2350 boc
858 2315 949 2351 acmen
962 2301 1069 2353 cervari.

236 2401 358 2456 criticae
373 2402 441 2461 artis
463 2401 619 2470 exemplam
638 2400 712 2452 haud
735 2399 878 2470 probabile
900 2416 917 2452 a
937 2400 1013 2455 Frid.
1034 2402 1135 2458 Iacobo
1152 2407 1188 2460 ad

202 2485 293 2539 Lucil.
307 2488 412 2541 Aetnae
427 2487 471 2540 2⁰.
490 2486 642 2540 exhibitum
657 2485 789 2538 videmus.
824 2485 878 2540 Ille
895 2491 925 2539 ut
936 2485 1143 2558 ,dempnetraret‘
1159 2493 1190 2550 ta

205 2571 364 2642 significare
376 2592 425 2644 pro
435 2611 443 2638 ,
464 2571 558 2626 attulit
576 2568 877 2640 111311.Ανιι.1,176.
903 2569 937 2622 de
959 2589 1011 2640 quo
1035 2573 1096 2628 loco
1117 2573 1190 2628 dixi-

91 2717 94 2728 .
204 2673 266 2712 mas
283 2677 310 2726 p.
331 2657 392 2711 2⁸12.
411 2661 439 2710 et
462 2657 541 2712 ovid.
558 2657 626 2710 Met.
645 2653 678 2720 5,
695 2654 739 2708 st.
764 2654 958 2710 nbi’omissum
972 2658 1137 2711 vocabulum
1149 2659 1190 2713 ia·

205 2750 310 2813 gentem
327 2761 435 2797 omnem
451 2760 509 2794 rem
526 2743 633 2806 turbat,
654 2745 682 2793 et
696 2739 806 2792 [rueret.
823 2737 849 2806 5,
864 2739 941 2796 ttut.
958 2744 1091 2796 tentabant
1103 2741 1191 2799 'aiam

206 2835 298 2880 tauros
316 2829 345 2879 ia
360 2845 464 2890 manere
479 2829 547 2882 belli.
566 2826 651 2880 verba
667 2826 702 2878 ab
717 2825 770 2878 boc
792 2824 946 2896 sign‘dicutu
960 2843 1071 2894 prorem
1090 2828 1191 2885 alicua.

205 2909 307 2964 Lucilii
321 2920 414 2964 autem
427 2913 514 2965 verba
528 2920 680 2984 apertamae
693 2913 720 2962 r'a
735 2913 828 2964 semine
844 2912 944 2966 dentem
965 2917 1013 2966 aut
1031 2911 1191 2986 accipienda

205 3003 268 3050 enat
281 3006 331 3063 pro
347 2999 375 3048 ia
388 2998 575 3061 seminatione,
594 3002 641 3049 eut
654 2994 827 3058 scribendum
844 2997 871 3050 ia
892 2999 1010 3061 semina,
1029 2999 1100 3070 quod
1113 2999 1191 3054 laco-

204 3083 257 3135 bue
273 3079 396 3149 ineptum
410 3086 508 3136 comet.
543 3081 687 3152 Significat
701 3097 768 3133 vcro
783 3088 814 3134 at
826 3082 910 3135 essent
921 3071 1029 3138 semina.

113 3258 117 3265 ’
222 3237 276 3300 te.
300 3234 368 3317 Qui
387 3235 499 3300 omnia
515 3236 653 3302 miscere
673 3235 799 3310 solent,
823 3233 1026 3301 Munekerus
1049 3247 1082 3304 et
1104 3237 1193 3304 Bar-

139 3341 280 3408 mannus
301 3323 534 3386 Graeviumad
563 3321 676 3387 lustin.
699 3327 759 3398 39,
776 3328 813 3394 2,
832 3326 862 3385 5.
881 3324 1035 3406 sequuti,
1059 3333 1194 3408 censent

60 3444 71 3468 e
140 3407 177 3470 iu
196 3409 322 3493 pro'ex'
342 3408 423 3494 poni
449 3409 482 3472 in
507 3409 615 3473 verbis
639 3407 677 3472 ia
700 3405 780 3472 Nilo
797 3405 947 3494 flunriae
972 3406 1084 3474 bibere
1107 3409 1194 3496 apud
1276 3401 1279 3412 Χ

139 3491 326 3556 Phaedrum
348 3506 384 3568 1,
411 3495 471 3574 25,
489 3499 521 3558 3.
545 3507 576 3557 ct
599 3492 687 3580 apud
702 3492 839 3556 Florum
864 3495 1007 3576 8‚14,12.
1028 3492 1139 3559 hibere
1156 3495 1195 3570 ia

27 3621 30 3635 .
141 3576 446 3664 ossibuscapitum.
476 3582 595 3664 Atque
608 3579 709 3642 modo
726 3577 781 3640 illa
799 3577 896 3641 verba
913 3579 1100 3665 accipienda
1116 3582 1194 3661 sint,

142 3663 288 3726 diximus
311 3673 411 3750 'supra
432 3688 465 3750 p.
484 3667 559 3730 251.
611 3663 710 3744 Quod
729 3685 807 3727 vero
823 3664 943 3750 legitur
965 3664 1053 3752 apud
1080 3665 1195 3730 Senco.

141 3749 349 3836 Agam.'878.
372 3773 503 3815 meram
520 3753 557 3816 z'a
573 3773 658 3814 atrro
676 3749 795 3814 veteris
811 3749 979 3836 Assaraci
999 3749 1141 3822 trabunt
1164 3759 1198 3814 et
1259 3749 1262 3758 '

141 3836 266 3898 iterum
304 3836 391 3920 apud
424 3839 589 3899 Ammiau.
614 3836 719 3899 Marc.
745 3835 859 3912 tosti.
896 3835 1083 3900 humanum
1111 3858 1197 3901 aaa·

139 3920 284 4007 guinem
310 3919 347 3983 ia
366 3919 673 4007 ossibuscapitum
697 3921 789 3985 cavis
811 3917 959 3984 bibentes
983 3920 1132 3986 avidius.
1165 3930 1199 3986 et

42 4071 44 4075 ,
142 4005 235 4092 quod
258 4005 376 4070 Graeci
400 4007 514 4070 dicuat
537 4009 570 4071 ἐν
596 4007 697 4089 κέρατι
718 4005 816 4074 πίνειν
847 4015 879 4069 et
903 4007 936 4070 ἐν
959 4001 1052 4089 tarpeia
1099 4007 1199 4070 mirem

118 4127 121 4130 ·
144 4089 280 4164 bathal.
300 4095 333 4171 2,
353 4097 407 4168 34,
428 4095 459 4156 4.
483 4091 516 4156 id
537 4092 634 4156 aliam
651 4091 749 4165 habet
772 4088 947 4155 rationem.
980 4031 1078 4160 lateii

143 4177 270 4260 uinum,
296 4177 389 4262 quod
402 4178 438 4266 in
454 4177 558 4246 aureis
574 4177 703 4283 poculis
726 4175 1199 4328 ⁶⁵¹'1iieGirmm¹⁰quun'

1078 4092 1198 4178 igirnus
1245 4138 1247 4141 ψ
1350 4163 1355 4170 ‚
