<?xml version="1.0" encoding="UTF-8"?>
<!DOCTYPE html PUBLIC "-//W3C//DTD XHTML 1.0 Transitional//EN"
    "http://www.w3.org/TR/xhtml1/DTD/xhtml1-transitional.dtd">
<html xmlns="http://www.w3.org/1999/xhtml" xml:lang="en" lang="en">
 <head>
  <title>
</title>
<meta http-equiv="Content-Type" content="text/html;charset=utf-8" />
  <meta name='ocr-system' content='tesseract 3.04.00' />
  <meta name='ocr-capabilities' content='ocr_page ocr_carea ocr_par ocr_line ocrx_word'/>
</head>
<body>
  <div class='ocr_page' id='page_1' title='image "./ferdinandihandi03handgoog_0388.png"; bbox 0 0 2846 4724; ppageno 0'>
   <div class='ocr_carea' id='block_1_1' title="bbox 227 330 1255 464">
    <p class='ocr_par' dir='ltr' id='par_1_1' title="bbox 227 330 1255 464">
     <span class='ocr_line' id='line_1_1' title="bbox 227 330 1255 464; baseline 0.011 -53"><span class='ocrx_word' id='word_1_1' title='bbox 227 330 934 464; x_wconf 59' lang='lat' dir='ltr'>²neutrius1uounr1a1ntn1.</span> <span class='ocrx_word' id='word_1_2' title='bbox 1076 355 1139 420; x_wconf 79' lang='lat' dir='ltr'>aaa</span> <span class='ocrx_word' id='word_1_3' title='bbox 1253 355 1255 368; x_wconf 60' lang='lat'><strong><em>⁴</em></strong></span> 
     </span>
    </p>
   </div>
   <div class='ocr_carea' id='block_1_2' title="bbox 153 495 1141 836">
    <p class='ocr_par' dir='ltr' id='par_1_2' title="bbox 153 495 1141 836">
     <span class='ocr_line' id='line_1_2' title="bbox 157 495 1141 579; baseline 0 -25"><span class='ocrx_word' id='word_1_4' title='bbox 157 501 240 571; x_wconf 84' lang='lat' dir='ltr'>eoepit</span> <span class='ocrx_word' id='word_1_5' title='bbox 255 499 353 554; x_wconf 85' lang='lat' dir='ltr'>uictura</span> <span class='ocrx_word' id='word_1_6' title='bbox 368 500 447 579; x_wconf 69' lang='lat' dir='ltr'>uolgo</span> <span class='ocrx_word' id='word_1_7' title='bbox 463 507 593 568; x_wconf 64' lang='lat' dir='ltr'>quamue</span> <span class='ocrx_word' id='word_1_8' title='bbox 632 495 687 550; x_wconf 80' lang='lat' dir='ltr'>cic</span> <span class='ocrx_word' id='word_1_9' title='bbox 705 515 732 566; x_wconf 90' lang='lat' dir='ltr'>p.</span> <span class='ocrx_word' id='word_1_10' title='bbox 754 496 829 551; x_wconf 80' lang='lat' dir='ltr'>Tull.</span> <span class='ocrx_word' id='word_1_11' title='bbox 850 497 885 574; x_wconf 53' lang='grc' dir='ltr'>«Γ».Ῥ</span> <span class='ocrx_word' id='word_1_12' title='bbox 900 501 951 553; x_wconf 71' lang='grc' dir='ltr'><strong>πίει·</strong></span> <span class='ocrx_word' id='word_1_13' title='bbox 968 502 1047 572; x_wconf 74' lang='lat' dir='ltr'>plotae</span> <span class='ocrx_word' id='word_1_14' title='bbox 1067 509 1141 578; x_wconf 69' lang='lat' dir='ltr'>angle</span> 
     </span>
     <span class='ocr_line' id='line_1_3' title="bbox 157 583 1140 657; baseline 0.006 -18"><span class='ocrx_word' id='word_1_15' title='bbox 157 586 300 657; x_wconf 82' lang='lat' dir='ltr'>ingratiis,</span> <span class='ocrx_word' id='word_1_16' title='bbox 319 585 356 637; x_wconf 77' lang='lat' dir='ltr'>cd</span> <span class='ocrx_word' id='word_1_17' title='bbox 369 584 572 638; x_wconf 80' lang='lat' dir='ltr'>maledicendunt</span> <span class='ocrx_word' id='word_1_18' title='bbox 589 601 641 636; x_wconf 86' lang='lat' dir='ltr'>coa</span> <span class='ocrx_word' id='word_1_19' title='bbox 654 583 720 637; x_wconf 77' lang='lat' dir='ltr'>soleo</span> <span class='ocrx_word' id='word_1_20' title='bbox 735 585 891 638; x_wconf 73' lang='lat' dir='ltr'>deocmdcrc&#39;.</span> <span class='ocrx_word' id='word_1_21' title='bbox 925 586 1002 640; x_wconf 83' lang='lat' dir='ltr'>Bene</span> <span class='ocrx_word' id='word_1_22' title='bbox 1015 588 1069 642; x_wconf 87' lang='lat' dir='ltr'>hcc</span> <span class='ocrx_word' id='word_1_23' title='bbox 1092 592 1140 645; x_wconf 78' lang='lat' dir='ltr'>tlo-</span> 
     </span>
     <span class='ocr_line' id='line_1_4' title="bbox 158 666 1140 744; baseline 0.004 -23"><span class='ocrx_word' id='word_1_24' title='bbox 158 670 247 722; x_wconf 86' lang='lat' dir='ltr'>t&#39;endit</span> <span class='ocrx_word' id='word_1_25' title='bbox 269 667 462 734; x_wconf 85' lang='lat' dir='ltr'>Heinrichius,</span> <span class='ocrx_word' id='word_1_26' title='bbox 489 670 592 722; x_wconf 82' lang='lat' dir='ltr'>tractre</span> <span class='ocrx_word' id='word_1_27' title='bbox 619 673 788 735; x_wconf 75' lang='lat' dir='ltr'>repugnante</span> <span class='ocrx_word' id='word_1_28' title='bbox 813 666 860 719; x_wconf 82' lang='lat' dir='ltr'>Fr.</span> <span class='ocrx_word' id='word_1_29' title='bbox 884 668 914 720; x_wconf 83' lang='lat'>0.</span> <span class='ocrx_word' id='word_1_30' title='bbox 936 671 1065 739; x_wconf 82' lang='lat' dir='ltr'>Woltlio,</span> <span class='ocrx_word' id='word_1_31' title='bbox 1092 678 1140 744; x_wconf 81' lang='lat' dir='ltr'>qui</span> 
     </span>
     <span class='ocr_line' id='line_1_5' title="bbox 153 752 1136 836; baseline 0.008 -29"><span class='ocrx_word' id='word_1_32' title='bbox 153 757 276 824; x_wconf 78' lang='lat' dir='ltr'>negabat</span> <span class='ocrx_word' id='word_1_33' title='bbox 290 759 364 806; x_wconf 88' lang='lat' dir='ltr'>recte</span> <span class='ocrx_word' id='word_1_34' title='bbox 380 753 436 806; x_wconf 82' lang='lat' dir='ltr'>clici</span> <span class='ocrx_word' id='word_1_35' title='bbox 454 769 544 805; x_wconf 81' lang='lat' dir='ltr'>course</span> <span class='ocrx_word' id='word_1_36' title='bbox 558 752 628 821; x_wconf 77' lang='lat' dir='ltr'>cogit</span> <span class='ocrx_word' id='word_1_37' title='bbox 643 753 754 820; x_wconf 80' lang='lat' dir='ltr'>aliquem</span> <span class='ocrx_word' id='word_1_38' title='bbox 768 753 902 822; x_wconf 79' lang='lat' dir='ltr'>ingratiis.</span> <span class='ocrx_word' id='word_1_39' title='bbox 926 755 989 836; x_wconf 80' lang='lat' dir='ltr'>vjtlc</span> <span class='ocrx_word' id='word_1_40' title='bbox 1006 758 1136 815; x_wconf 83' lang='lat' dir='ltr'>Reiorum</span> 
     </span>
    </p>
   </div>
   <div class='ocr_carea' id='block_1_3' title="bbox 157 831 1245 910">
    <p class='ocr_par' dir='ltr' id='par_1_3' title="bbox 157 831 1245 910">
     <span class='ocr_line' id='line_1_6' title="bbox 157 831 1245 910; baseline 0.008 -19"><span class='ocrx_word' id='word_1_41' title='bbox 157 857 186 908; x_wconf 86' lang='lat' dir='ltr'>p.</span> <span class='ocrx_word' id='word_1_42' title='bbox 200 831 261 892; x_wconf 76' lang='lat'><strong>²32.</strong></span> <span class='ocrx_word' id='word_1_43' title='bbox 295 840 404 892; x_wconf 84' lang='lat' dir='ltr'>cornel.</span> <span class='ocrx_word' id='word_1_44' title='bbox 421 837 521 890; x_wconf 82' lang='lat' dir='ltr'>Them.</span> <span class='ocrx_word' id='word_1_45' title='bbox 536 835 562 901; x_wconf 83' lang='lat'>4,</span> <span class='ocrx_word' id='word_1_46' title='bbox 581 834 608 889; x_wconf 87' lang='grc'>4.</span> <span class='ocrx_word' id='word_1_47' title='bbox 624 838 671 889; x_wconf 78' lang='lat' dir='ltr'>lice</span> <span class='ocrx_word' id='word_1_48' title='bbox 686 856 714 889; x_wconf 89' lang='lat' dir='ltr'>co</span> <span class='ocrx_word' id='word_1_49' title='bbox 732 839 845 902; x_wconf 76' lang='lat' dir='ltr'>calebat,</span> <span class='ocrx_word' id='word_1_50' title='bbox 863 849 890 891; x_wconf 86' lang='lat' dir='ltr'>ut</span> <span class='ocrx_word' id='word_1_51' title='bbox 905 841 1019 910; x_wconf 80' lang='lat' dir='ltr'>ingratis</span> <span class='ocrx_word' id='word_1_52' title='bbox 1034 846 1072 897; x_wconf 83' lang='lat' dir='ltr'>ccl</span> <span class='ocrx_word' id='word_1_53' title='bbox 1092 849 1139 899; x_wconf 86' lang='lat' dir='ltr'>de-</span> <span class='ocrx_word' id='word_1_54' title='bbox 1241 845 1245 854; x_wconf 89' lang='lat'>&#39;</span> 
     </span>
    </p>
   </div>
   <div class='ocr_carea' id='block_1_4' title="bbox 154 921 1138 1180">
    <p class='ocr_par' dir='ltr' id='par_1_4' title="bbox 154 921 1138 1180">
     <span class='ocr_line' id='line_1_7' title="bbox 154 921 1138 997; baseline 0.007 -22"><span class='ocrx_word' id='word_1_55' title='bbox 154 925 330 993; x_wconf 81' lang='lat' dir='ltr'>pugnandum</span> <span class='ocrx_word' id='word_1_56' title='bbox 343 941 429 976; x_wconf 80' lang='lat' dir='ltr'>omnes</span> <span class='ocrx_word' id='word_1_57' title='bbox 451 929 610 992; x_wconf 77' lang='lat' dir='ltr'><strong><em>cogerentur.</em></strong></span> <span class='ocrx_word' id='word_1_58' title='bbox 646 921 690 974; x_wconf 84' lang='lat' dir='ltr'>lta</span> <span class='ocrx_word' id='word_1_59' title='bbox 707 922 822 975; x_wconf 75' lang='lat' dir='ltr'>codices.</span> <span class='ocrx_word' id='word_1_60' title='bbox 858 923 916 976; x_wconf 84' lang='lat' dir='ltr'>Cic.</span> <span class='ocrx_word' id='word_1_61' title='bbox 939 943 965 991; x_wconf 85' lang='lat' dir='ltr'>p.</span> <span class='ocrx_word' id='word_1_62' title='bbox 985 927 1079 994; x_wconf 82' lang='lat' dir='ltr'><strong>Quint.</strong></span> <span class='ocrx_word' id='word_1_63' title='bbox 1094 928 1138 997; x_wconf 88' lang='grc'>14,</span> 
     </span>
     <span class='ocr_line' id='line_1_8' title="bbox 157 1004 1138 1083; baseline -0.001 -26"><span class='ocrx_word' id='word_1_64' title='bbox 157 1004 200 1058; x_wconf 74' lang='lat'>47.</span> <span class='ocrx_word' id='word_1_65' title='bbox 219 1009 419 1075; x_wconf 72' lang='lat' dir='ltr'>extorquendum</span> <span class='ocrx_word' id='word_1_66' title='bbox 436 1011 475 1059; x_wconf 60' lang='lat' dir='ltr'>‘ert</span> <span class='ocrx_word' id='word_1_67' title='bbox 491 1007 570 1058; x_wconf 85' lang='lat' dir='ltr'>incito</span> <span class='ocrx_word' id='word_1_68' title='bbox 586 1012 612 1070; x_wconf 78' lang='lat' dir='ltr'>et</span> <span class='ocrx_word' id='word_1_69' title='bbox 627 1007 758 1076; x_wconf 76' lang='lat' dir='ltr'>ingratiie.</span> <span class='ocrx_word' id='word_1_70' title='bbox 793 1005 883 1068; x_wconf 76' lang='lat' dir='ltr'>scria.</span> <span class='ocrx_word' id='word_1_71' title='bbox 899 1011 1024 1080; x_wconf 79' lang='lat' dir='ltr'>ingratia.</span> <span class='ocrx_word' id='word_1_72' title='bbox 1058 1015 1138 1083; x_wconf 69' lang='lat' dir='ltr'>Apu.</span> 
     </span>
     <span class='ocr_line' id='line_1_9' title="bbox 156 1086 1103 1180; baseline -0.004 -36"><span class='ocrx_word' id='word_1_73' title='bbox 156 1090 330 1144; x_wconf 60' lang='lat' dir='ltr'>latitet.</span> <span class='ocrx_word' id='word_1_74' title='bbox 351 1087 510 1180; x_wconf 52' lang='grc' dir='ltr'><strong>ρ.113,39.</strong></span> <span class='ocrx_word' id='word_1_75' title='bbox 529 1086 554 1141; x_wconf 87' lang='grc'>6.</span> <span class='ocrx_word' id='word_1_76' title='bbox 573 1086 1036 1162; x_wconf 77' lang='lat' dir='ltr'>p.186‚15.ncctont.t,1⁰‚na.</span> <span class='ocrx_word' id='word_1_77' title='bbox 1101 1135 1103 1140; x_wconf 89' lang='grc'><em>,</em></span> 
     </span>
    </p>
   </div>
   <div class='ocr_carea' id='block_1_5' title="bbox 95 1163 1267 1268">
    <p class='ocr_par' dir='ltr' id='par_1_5' title="bbox 95 1163 1267 1268">
     <span class='ocr_line' id='line_1_10' title="bbox 95 1163 1267 1268; baseline 0.011 -28"><span class='ocrx_word' id='word_1_78' title='bbox 95 1235 98 1240; x_wconf 75' lang='grc'>,</span> <span class='ocrx_word' id='word_1_79' title='bbox 191 1193 283 1246; x_wconf 86' lang='lat' dir='ltr'>Plaut.</span> <span class='ocrx_word' id='word_1_80' title='bbox 299 1190 398 1260; x_wconf 78' lang='lat' dir='ltr'>Amph.</span> <span class='ocrx_word' id='word_1_81' title='bbox 415 1191 441 1257; x_wconf 94' lang='grc'>1,</span> <span class='ocrx_word' id='word_1_82' title='bbox 457 1191 482 1254; x_wconf 93' lang='grc'>1,</span> <span class='ocrx_word' id='word_1_83' title='bbox 495 1188 547 1243; x_wconf 79' lang='lat'>214</span> <span class='ocrx_word' id='word_1_84' title='bbox 563 1190 655 1259; x_wconf 75' lang='lat' dir='ltr'>(tle).</span> <span class='ocrx_word' id='word_1_85' title='bbox 673 1207 759 1245; x_wconf 78' lang='lat' dir='ltr'>nnuc.</span> <span class='ocrx_word' id='word_1_86' title='bbox 777 1191 984 1265; x_wconf 80' lang='lat' dir='ltr'>Ncacprosecto</span> <span class='ocrx_word' id='word_1_87' title='bbox 998 1201 1094 1268; x_wconf 85' lang='lat' dir='ltr'>copula</span> <span class='ocrx_word' id='word_1_88' title='bbox 1108 1202 1139 1253; x_wconf 73' lang='lat' dir='ltr'>olo</span> <span class='ocrx_word' id='word_1_89' title='bbox 1198 1208 1201 1213; x_wconf 84' lang='lat'><em>&#39;</em></span> <span class='ocrx_word' id='word_1_90' title='bbox 1264 1163 1267 1170; x_wconf 29' lang='grc' dir='ltr'>Ι</span> 
     </span>
    </p>
   </div>
   <div class='ocr_carea' id='block_1_6' title="bbox 155 1276 1138 1436">
    <p class='ocr_par' dir='ltr' id='par_1_6' title="bbox 155 1276 1138 1436">
     <span class='ocr_line' id='line_1_11' title="bbox 155 1276 1138 1354; baseline -0.006 -24"><span class='ocrx_word' id='word_1_91' title='bbox 155 1278 326 1330; x_wconf 74' lang='lat' dir='ltr'>menducium.</span> <span class='ocrx_word' id='word_1_92' title='bbox 359 1293 415 1328; x_wconf 77' lang='lat' dir='ltr'>soc.</span> <span class='ocrx_word' id='word_1_93' title='bbox 448 1276 508 1328; x_wconf 85' lang='lat' dir='ltr'>Non</span> <span class='ocrx_word' id='word_1_94' title='bbox 524 1277 613 1343; x_wconf 80' lang='lat' dir='ltr'><strong><em>edepol</em></strong></span> <span class='ocrx_word' id='word_1_95' title='bbox 627 1278 681 1328; x_wconf 87' lang='lat' dir='ltr'>uolo</span> <span class='ocrx_word' id='word_1_96' title='bbox 697 1281 818 1346; x_wconf 78' lang='lat' dir='ltr'>profecto.</span> <span class='ocrx_word' id='word_1_97' title='bbox 856 1295 904 1332; x_wconf 81' lang='lat' dir='ltr'>nn.</span> <span class='ocrx_word' id='word_1_98' title='bbox 938 1283 973 1334; x_wconf 83' lang='lat' dir='ltr'>At</span> <span class='ocrx_word' id='word_1_99' title='bbox 991 1284 1035 1351; x_wconf 74' lang='lat' dir='ltr'>pot</span> <span class='ocrx_word' id='word_1_100' title='bbox 1047 1288 1138 1354; x_wconf 55' lang='lat' dir='ltr'>prose.</span> 
     </span>
     <span class='ocr_line' id='line_1_12' title="bbox 155 1359 1138 1436; baseline 0.009 -22"><span class='ocrx_word' id='word_1_101' title='bbox 155 1369 194 1414; x_wconf 90' lang='lat' dir='ltr'>oto</span> <span class='ocrx_word' id='word_1_102' title='bbox 216 1361 350 1430; x_wconf 78' lang='lat' dir='ltr'>ingratiis.</span> <span class='ocrx_word' id='word_1_103' title='bbox 370 1360 389 1413; x_wconf 91' lang='lat' dir='ltr'>i.</span> <span class='ocrx_word' id='word_1_104' title='bbox 403 1377 427 1413; x_wconf 84' lang='lat' dir='ltr'>e.</span> <span class='ocrx_word' id='word_1_105' title='bbox 453 1359 537 1414; x_wconf 84' lang='lat' dir='ltr'>etiem</span> <span class='ocrx_word' id='word_1_106' title='bbox 558 1359 669 1414; x_wconf 89' lang='lat' dir='ltr'>nolente</span> <span class='ocrx_word' id='word_1_107' title='bbox 693 1367 730 1414; x_wconf 89' lang='lat' dir='ltr'>te.</span> <span class='ocrx_word' id='word_1_108' title='bbox 766 1362 879 1417; x_wconf 76' lang='lat' dir='ltr'>Codices</span> <span class='ocrx_word' id='word_1_109' title='bbox 906 1359 948 1418; x_wconf 88' lang='lat' dir='ltr'>ibi</span> <span class='ocrx_word' id='word_1_110' title='bbox 966 1359 1028 1419; x_wconf 60' lang='lat' dir='ltr'>‘non</span> <span class='ocrx_word' id='word_1_111' title='bbox 1056 1359 1138 1436; x_wconf 87' lang='lat' dir='ltr'>pauci</span> 
     </span>
    </p>
   </div>
   <div class='ocr_carea' id='block_1_7' title="bbox 84 1446 1136 1870">
    <p class='ocr_par' dir='ltr' id='par_1_7' title="bbox 84 1446 1136 1870">
     <span class='ocr_line' id='line_1_13' title="bbox 152 1446 277 1516; baseline -0.016 -17"><span class='ocrx_word' id='word_1_112' title='bbox 152 1446 277 1516; x_wconf 78' lang='lat' dir='ltr'>ingratis.</span> 
     </span>
     <span class='ocr_line' id='line_1_14' title="bbox 169 1578 1136 1673; baseline 0.009 -30"><span class='ocrx_word' id='word_1_113' title='bbox 169 1581 199 1643; x_wconf 89' lang='grc'>4.</span> <span class='ocrx_word' id='word_1_114' title='bbox 222 1578 375 1646; x_wconf 86' lang='lat' dir='ltr'>Notanda</span> <span class='ocrx_word' id='word_1_115' title='bbox 392 1589 441 1644; x_wconf 87' lang='lat' dir='ltr'>est</span> <span class='ocrx_word' id='word_1_116' title='bbox 457 1578 658 1668; x_wconf 80' lang='lat' dir='ltr'>compositio</span> <span class='ocrx_word' id='word_1_117' title='bbox 674 1580 852 1654; x_wconf 85' lang='lat' dir='ltr'>verborum</span> <span class='ocrx_word' id='word_1_118' title='bbox 871 1584 904 1650; x_wconf 81' lang='lat' dir='ltr'>vi</span> <span class='ocrx_word' id='word_1_119' title='bbox 920 1594 953 1650; x_wconf 90' lang='lat' dir='ltr'>et</span> <span class='ocrx_word' id='word_1_120' title='bbox 968 1586 1136 1673; x_wconf 77' lang='lat' dir='ltr'>ingratiis</span> 
     </span>
     <span class='ocr_line' id='line_1_15' title="bbox 84 1666 955 1756; baseline 0.002 -24"><span class='ocrx_word' id='word_1_121' title='bbox 84 1669 151 1735; x_wconf 86' lang='lat' dir='ltr'>sive</span> <span class='ocrx_word' id='word_1_122' title='bbox 167 1666 331 1756; x_wconf 76' lang='lat' dir='ltr'>ingratis.</span> <span class='ocrx_word' id='word_1_123' title='bbox 944 1683 955 1708; x_wconf 82' lang='lat'><strong>·</strong></span> 
     </span>
     <span class='ocr_line' id='line_1_16' title="bbox 187 1769 1136 1870; baseline 0.003 -20"><span class='ocrx_word' id='word_1_124' title='bbox 187 1797 278 1850; x_wconf 87' lang='lat' dir='ltr'>Pleut.</span> <span class='ocrx_word' id='word_1_125' title='bbox 293 1794 354 1847; x_wconf 83' lang='lat' dir='ltr'>Mil.</span> <span class='ocrx_word' id='word_1_126' title='bbox 368 1792 395 1858; x_wconf 76' lang='lat'>2,</span> <span class='ocrx_word' id='word_1_127' title='bbox 409 1791 435 1858; x_wconf 75' lang='lat'>5,</span> <span class='ocrx_word' id='word_1_128' title='bbox 453 1793 497 1847; x_wconf 81' lang='grc'>39.</span> <span class='ocrx_word' id='word_1_129' title='bbox 514 1793 541 1846; x_wconf 86' lang='lat' dir='ltr'>oi</span> <span class='ocrx_word' id='word_1_130' title='bbox 558 1801 635 1861; x_wconf 78' lang='lat' dir='ltr'>atque</span> <span class='ocrx_word' id='word_1_131' title='bbox 651 1795 760 1870; x_wconf 80' lang='lat' dir='ltr'>inuitum</span> <span class='ocrx_word' id='word_1_132' title='bbox 782 1795 916 1865; x_wconf 83' lang='lat' dir='ltr'>ingratiis,</span> <span class='ocrx_word' id='word_1_133' title='bbox 938 1799 989 1850; x_wconf 83' lang='lat' dir='ltr'>alsi</span> <span class='ocrx_word' id='word_1_134' title='bbox 1004 1769 1136 1856; x_wconf 72' lang='lat' dir='ltr'>nolentata</span> 
     </span>
    </p>
   </div>
   <div class='ocr_carea' id='block_1_8' title="bbox 152 1878 1238 1956">
    <p class='ocr_par' dir='ltr' id='par_1_8' title="bbox 152 1878 1238 1956">
     <span class='ocr_line' id='line_1_17' title="bbox 152 1878 1238 1956; baseline 0 -20"><span class='ocrx_word' id='word_1_135' title='bbox 152 1884 220 1950; x_wconf 78' lang='lat' dir='ltr'>tta,</span> <span class='ocrx_word' id='word_1_136' title='bbox 240 1882 345 1951; x_wconf 79' lang='lat' dir='ltr'>copiam</span> <span class='ocrx_word' id='word_1_137' title='bbox 361 1887 386 1932; x_wconf 86' lang='lat' dir='ltr'>te</span> <span class='ocrx_word' id='word_1_138' title='bbox 403 1881 517 1932; x_wconf 81' lang='lat' dir='ltr'>domum.</span> <span class='ocrx_word' id='word_1_139' title='bbox 552 1878 741 1956; x_wconf 58' lang='lat' dir='ltr'>Semicupae</span> <span class='ocrx_word' id='word_1_140' title='bbox 755 1878 890 1933; x_wconf 81' lang='lat' dir='ltr'>Isidorum</span> <span class='ocrx_word' id='word_1_141' title='bbox 913 1880 990 1951; x_wconf 82' lang='lat' dir='ltr'>Orig.</span> <span class='ocrx_word' id='word_1_142' title='bbox 1007 1885 1034 1945; x_wconf 80' lang='lat'>2,</span> <span class='ocrx_word' id='word_1_143' title='bbox 1050 1885 1094 1950; x_wconf 79' lang='lat'>21,</span> <span class='ocrx_word' id='word_1_144' title='bbox 1109 1887 1136 1942; x_wconf 86' lang='lat'>4.</span> <span class='ocrx_word' id='word_1_145' title='bbox 1231 1921 1238 1926; x_wconf 89' lang='lat'>-</span> 
     </span>
    </p>
   </div>
   <div class='ocr_carea' id='block_1_9' title="bbox 153 1962 1137 2118">
    <p class='ocr_par' dir='ltr' id='par_1_9' title="bbox 153 1962 1137 2118">
     <span class='ocr_line' id='line_1_18' title="bbox 153 1962 1137 2047; baseline 0.004 -27"><span class='ocrx_word' id='word_1_146' title='bbox 153 1969 179 2020; x_wconf 87' lang='lat' dir='ltr'>oi</span> <span class='ocrx_word' id='word_1_147' title='bbox 195 1976 269 2035; x_wconf 75' lang='lat' dir='ltr'>atque</span> <span class='ocrx_word' id='word_1_148' title='bbox 285 1964 411 2034; x_wconf 78' lang='lat' dir='ltr'>ingratiis</span> <span class='ocrx_word' id='word_1_149' title='bbox 432 1972 535 2018; x_wconf 78' lang='lat' dir='ltr'>coactus</span> <span class='ocrx_word' id='word_1_150' title='bbox 551 1980 609 2047; x_wconf 78' lang='lat' dir='ltr'>cunc</span> <span class='ocrx_word' id='word_1_151' title='bbox 625 1962 670 2015; x_wconf 86' lang='lat' dir='ltr'>illo</span> <span class='ocrx_word' id='word_1_152' title='bbox 691 1965 850 2032; x_wconf 68' lang='lat' dir='ltr'>sponsionem</span> <span class='ocrx_word' id='word_1_153' title='bbox 863 1967 926 2032; x_wconf 67' lang='lat' dir='ltr'>feet·</span> <span class='ocrx_word' id='word_1_154' title='bbox 961 1968 1005 2021; x_wconf 79' lang='lat' dir='ltr'>cl.</span> <span class='ocrx_word' id='word_1_155' title='bbox 1024 1969 1137 2025; x_wconf 77' lang='lat' dir='ltr'>Gellius</span> 
     </span>
     <span class='ocr_line' id='line_1_19' title="bbox 153 2049 435 2118; baseline -0.004 -13"><span class='ocrx_word' id='word_1_156' title='bbox 153 2049 199 2118; x_wconf 81' lang='lat' dir='ltr'>lt,</span> <span class='ocrx_word' id='word_1_157' title='bbox 214 2052 240 2104; x_wconf 92' lang='lat'>1.</span> <span class='ocrx_word' id='word_1_158' title='bbox 267 2049 435 2117; x_wconf 82' lang='lat' dir='ltr'>videsnprn.</span> 
     </span>
    </p>
   </div>
   <div class='ocr_carea' id='block_1_10' title="bbox 61 2179 1136 2616">
    <p class='ocr_par' dir='ltr' id='par_1_10' title="bbox 61 2179 1136 2616">
     <span class='ocr_line' id='line_1_20' title="bbox 61 2179 1136 2273; baseline 0.004 -24"><span class='ocrx_word' id='word_1_159' title='bbox 61 2233 67 2241; x_wconf 78' lang='grc'><strong>.</strong></span> <span class='ocrx_word' id='word_1_160' title='bbox 170 2185 204 2271; x_wconf 69' lang='grc'>*)</span> <span class='ocrx_word' id='word_1_161' title='bbox 234 2185 273 2250; x_wconf 92' lang='lat' dir='ltr'>In</span> <span class='ocrx_word' id='word_1_162' title='bbox 293 2185 386 2249; x_wconf 89' lang='lat' dir='ltr'>libris</span> <span class='ocrx_word' id='word_1_163' title='bbox 407 2180 535 2271; x_wconf 87' lang='lat' dir='ltr'>scriptis</span> <span class='ocrx_word' id='word_1_164' title='bbox 558 2203 654 2270; x_wconf 77' lang='lat' dir='ltr'>saepe</span> <span class='ocrx_word' id='word_1_165' title='bbox 676 2179 975 2269; x_wconf 77' lang='lat' dir='ltr'>legituringrotuc</span> <span class='ocrx_word' id='word_1_166' title='bbox 998 2208 1061 2273; x_wconf 91' lang='lat' dir='ltr'>pro</span> <span class='ocrx_word' id='word_1_167' title='bbox 1078 2187 1136 2253; x_wconf 85' lang='lat' dir='ltr'>iu·</span> 
     </span>
     <span class='ocr_line' id='line_1_21' title="bbox 83 2266 1134 2362; baseline 0.003 -27"><span class='ocrx_word' id='word_1_168' title='bbox 83 2272 225 2358; x_wconf 70' lang='lat' dir='ltr'>gratiis.</span> <span class='ocrx_word' id='word_1_169' title='bbox 270 2271 322 2335; x_wconf 90' lang='lat' dir='ltr'>Sic</span> <span class='ocrx_word' id='word_1_170' title='bbox 338 2271 521 2334; x_wconf 80' lang='lat' dir='ltr'><strong>Priscianus</strong></span> <span class='ocrx_word' id='word_1_171' title='bbox 538 2266 637 2333; x_wconf 86' lang='lat' dir='ltr'>habet</span> <span class='ocrx_word' id='word_1_172' title='bbox 661 2267 822 2353; x_wconf 76' lang='lat' dir='ltr'>ingratus</span> <span class='ocrx_word' id='word_1_173' title='bbox 847 2270 1027 2350; x_wconf 74' lang='lat' dir='ltr'>excitauit,</span> <span class='ocrx_word' id='word_1_174' title='bbox 1051 2295 1134 2362; x_wconf 87' lang='lat' dir='ltr'>quae</span> 
     </span>
     <span class='ocr_line' id='line_1_22' title="bbox 87 2353 1135 2442; baseline 0.005 -22"><span class='ocrx_word' id='word_1_175' title='bbox 87 2367 164 2422; x_wconf 87' lang='lat' dir='ltr'>sunt</span> <span class='ocrx_word' id='word_1_176' title='bbox 190 2355 293 2420; x_wconf 87' lang='lat' dir='ltr'>Plauti</span> <span class='ocrx_word' id='word_1_177' title='bbox 317 2357 415 2421; x_wconf 84' lang='lat' dir='ltr'>verbe</span> <span class='ocrx_word' id='word_1_178' title='bbox 437 2355 560 2442; x_wconf 82' lang='lat' dir='ltr'><strong>Amph.</strong></span> <span class='ocrx_word' id='word_1_179' title='bbox 586 2361 620 2434; x_wconf 90' lang='lat'>1,</span> <span class='ocrx_word' id='word_1_180' title='bbox 647 2359 684 2434; x_wconf 89' lang='lat'>1,</span> <span class='ocrx_word' id='word_1_181' title='bbox 709 2359 758 2416; x_wconf 90' lang='lat'>10.</span> <span class='ocrx_word' id='word_1_182' title='bbox 810 2353 863 2417; x_wconf 88' lang='lat' dir='ltr'>Sic</span> <span class='ocrx_word' id='word_1_183' title='bbox 887 2359 973 2442; x_wconf 88' lang='lat' dir='ltr'>apud</span> <span class='ocrx_word' id='word_1_184' title='bbox 998 2357 1135 2426; x_wconf 83' lang='lat' dir='ltr'><strong><em>Terent.</em></strong></span> 
     </span>
     <span class='ocr_line' id='line_1_23' title="bbox 87 2440 1135 2528; baseline 0.004 -22"><span class='ocrx_word' id='word_1_185' title='bbox 87 2441 336 2523; x_wconf 80' lang='lat' dir='ltr'>Eun.u,1,1t.</span> <span class='ocrx_word' id='word_1_186' title='bbox 379 2441 418 2504; x_wconf 90' lang='lat' dir='ltr'>la</span> <span class='ocrx_word' id='word_1_187' title='bbox 435 2441 557 2528; x_wconf 79' lang='lat' dir='ltr'>Dignst.</span> <span class='ocrx_word' id='word_1_188' title='bbox 575 2444 625 2513; x_wconf 85' lang='lat'>17,</span> <span class='ocrx_word' id='word_1_189' title='bbox 649 2445 676 2520; x_wconf 86' lang='lat'>1,</span> <span class='ocrx_word' id='word_1_190' title='bbox 693 2442 746 2517; x_wconf 79' lang='lat'>36,</span> <span class='ocrx_word' id='word_1_191' title='bbox 762 2443 792 2502; x_wconf 77' lang='lat'>2.</span> <span class='ocrx_word' id='word_1_192' title='bbox 825 2440 1135 2526; x_wconf 66' lang='lat' dir='ltr'>ingratuc‘eusre-</span> 
     </span>
     <span class='ocr_line' id='line_1_24' title="bbox 86 2523 1114 2616; baseline 0.004 -23"><span class='ocrx_word' id='word_1_193' title='bbox 86 2529 210 2593; x_wconf 78' lang='lat' dir='ltr'>tinent.</span> <span class='ocrx_word' id='word_1_194' title='bbox 256 2527 327 2592; x_wconf 89' lang='lat' dir='ltr'>cod.</span> <span class='ocrx_word' id='word_1_195' title='bbox 343 2526 475 2595; x_wconf 88' lang='lat' dir='ltr'>florent.</span> <span class='ocrx_word' id='word_1_196' title='bbox 494 2523 657 2613; x_wconf 76' lang='lat' dir='ltr'>ingratis.</span> <span class='ocrx_word' id='word_1_197' title='bbox 699 2523 761 2590; x_wconf 87' lang='lat' dir='ltr'>vid.</span> <span class='ocrx_word' id='word_1_198' title='bbox 782 2524 873 2591; x_wconf 84' lang='lat' dir='ltr'>Porci</span> <span class='ocrx_word' id='word_1_199' title='bbox 887 2526 968 2592; x_wconf 89' lang='lat' dir='ltr'><strong><em>Lex.</em></strong></span> <span class='ocrx_word' id='word_1_200' title='bbox 990 2552 1025 2616; x_wconf 90' lang='lat' dir='ltr'>p.</span> <span class='ocrx_word' id='word_1_201' title='bbox 1041 2534 1114 2599; x_wconf 85' lang='grc'><strong>608.</strong></span> 
     </span>
    </p>
   </div>
   <div class='ocr_carea' id='block_1_11' title="bbox 486 2689 727 2814">
    <p class='ocr_par' dir='ltr' id='par_1_11' title="bbox 486 2689 727 2814">
     <span class='ocr_line' id='line_1_25' title="bbox 486 2689 727 2814; baseline -0.004 0"><span class='ocrx_word' id='word_1_202' title='bbox 486 2689 727 2814; x_wconf 82' lang='lat' dir='ltr'>INIBt.</span> 
     </span>
    </p>
   </div>
   <div class='ocr_carea' id='block_1_12' title="bbox 85 2865 1137 3156">
    <p class='ocr_par' dir='ltr' id='par_1_12' title="bbox 85 2865 1137 3156">
     <span class='ocr_line' id='line_1_26' title="bbox 171 2865 1135 2983; baseline -0.001 -20"><span class='ocrx_word' id='word_1_203' title='bbox 171 2896 386 2966; x_wconf 88' lang='lat' dir='ltr'>Grammatici</span> <span class='ocrx_word' id='word_1_204' title='bbox 399 2916 514 2961; x_wconf 90' lang='lat' dir='ltr'>omnes</span> <span class='ocrx_word' id='word_1_205' title='bbox 530 2894 664 2959; x_wconf 87' lang='lat' dir='ltr'>tradunt</span> <span class='ocrx_word' id='word_1_206' title='bbox 678 2911 766 2957; x_wconf 81' lang='lat' dir='ltr'>1N1u1</span> <span class='ocrx_word' id='word_1_207' title='bbox 783 2915 854 2957; x_wconf 84' lang='lat' dir='ltr'>esse</span> <span class='ocrx_word' id='word_1_208' title='bbox 869 2865 907 2959; x_wconf 75' lang='lat' dir='ltr'>iri</span> <span class='ocrx_word' id='word_1_209' title='bbox 921 2894 971 2960; x_wconf 83' lang='lat' dir='ltr'>ibi</span> <span class='ocrx_word' id='word_1_210' title='bbox 986 2907 1017 2961; x_wconf 89' lang='lat' dir='ltr'>et</span> <span class='ocrx_word' id='word_1_211' title='bbox 1032 2898 1135 2983; x_wconf 88' lang='lat' dir='ltr'>signi·</span> 
     </span>
     <span class='ocr_line' id='line_1_27' title="bbox 85 2978 1135 3061; baseline 0.001 -13"><span class='ocrx_word' id='word_1_212' title='bbox 85 2982 244 3048; x_wconf 70' lang='lat' dir='ltr'>ficare&#39;in</span> <span class='ocrx_word' id='word_1_213' title='bbox 268 3007 326 3061; x_wconf 89' lang='lat' dir='ltr'>eo,</span> <span class='ocrx_word' id='word_1_214' title='bbox 349 2985 386 3047; x_wconf 83' lang='lat' dir='ltr'>in</span> <span class='ocrx_word' id='word_1_215' title='bbox 412 2980 530 3047; x_wconf 84' lang='lat' dir='ltr'>eodem</span> <span class='ocrx_word' id='word_1_216' title='bbox 553 2980 637 3044; x_wconf 86' lang='lat' dir='ltr'>loco.</span> <span class='ocrx_word' id='word_1_217' title='bbox 682 2979 826 3057; x_wconf 80' lang='lat' dir='ltr'>Quidam</span> <span class='ocrx_word' id='word_1_218' title='bbox 853 2978 1008 3045; x_wconf 85' lang='lat' dir='ltr'>dixerunt</span> <span class='ocrx_word' id='word_1_219' title='bbox 1030 2986 1135 3048; x_wconf 82' lang='lat' dir='ltr'>maius</span> 
     </span>
     <span class='ocr_line' id='line_1_28' title="bbox 87 3063 1137 3156; baseline 0.004 -24"><span class='ocrx_word' id='word_1_220' title='bbox 87 3090 273 3156; x_wconf 90' lang='lat' dir='ltr'>essequam</span> <span class='ocrx_word' id='word_1_221' title='bbox 301 3067 360 3133; x_wconf 76' lang='lat' dir='ltr'>iti.</span> <span class='ocrx_word' id='word_1_222' title='bbox 407 3069 499 3148; x_wconf 87' lang='lat' dir='ltr'>Quae</span> <span class='ocrx_word' id='word_1_223' title='bbox 517 3066 630 3129; x_wconf 89' lang='lat' dir='ltr'>omnia</span> <span class='ocrx_word' id='word_1_224' title='bbox 645 3068 773 3128; x_wconf 86' lang='lat' dir='ltr'>ratione</span> <span class='ocrx_word' id='word_1_225' title='bbox 798 3063 951 3129; x_wconf 87' lang='lat' dir='ltr'>destituta</span> <span class='ocrx_word' id='word_1_226' title='bbox 976 3067 1137 3135; x_wconf 89' lang='lat' dir='ltr'>videntur.</span> 
     </span>
    </p>
   </div>
   <div class='ocr_carea' id='block_1_13' title="bbox 85 3148 1247 3242">
    <p class='ocr_par' dir='ltr' id='par_1_13' title="bbox 85 3148 1247 3242">
     <span class='ocr_line' id='line_1_29' title="bbox 85 3148 1247 3242; baseline -0.001 -24"><span class='ocrx_word' id='word_1_227' title='bbox 85 3153 129 3220; x_wconf 83' lang='lat' dir='ltr'>Iu</span> <span class='ocrx_word' id='word_1_228' title='bbox 145 3176 224 3219; x_wconf 86' lang='lat' dir='ltr'>vero</span> <span class='ocrx_word' id='word_1_229' title='bbox 242 3165 378 3219; x_wconf 91' lang='lat' dir='ltr'>nonest</span> <span class='ocrx_word' id='word_1_230' title='bbox 400 3151 619 3242; x_wconf 80' lang='lat' dir='ltr'>praepositio,</span> <span class='ocrx_word' id='word_1_231' title='bbox 642 3149 698 3213; x_wconf 84' lang='lat' dir='ltr'>sed</span> <span class='ocrx_word' id='word_1_232' title='bbox 716 3148 771 3212; x_wconf 89' lang='lat' dir='ltr'>illa</span> <span class='ocrx_word' id='word_1_233' title='bbox 788 3170 870 3228; x_wconf 79' lang='lat' dir='ltr'>vox,</span> <span class='ocrx_word' id='word_1_234' title='bbox 895 3173 996 3236; x_wconf 89' lang='lat' dir='ltr'>quam</span> <span class='ocrx_word' id='word_1_235' title='bbox 1020 3163 1054 3217; x_wconf 89' lang='lat' dir='ltr'>in</span> <span class='ocrx_word' id='word_1_236' title='bbox 1077 3156 1135 3219; x_wconf 86' lang='lat' dir='ltr'>in·</span> <span class='ocrx_word' id='word_1_237' title='bbox 1233 3185 1247 3194; x_wconf 70' lang='lat'><em>,</em></span> 
     </span>
    </p>
   </div>
   <div class='ocr_carea' id='block_1_14' title="bbox 84 3235 1171 3754">
    <p class='ocr_par' dir='ltr' id='par_1_14' title="bbox 84 3235 1171 3754">
     <span class='ocr_line' id='line_1_30' title="bbox 86 3235 1137 3327; baseline 0.002 -24"><span class='ocrx_word' id='word_1_238' title='bbox 86 3240 130 3305; x_wconf 83' lang='lat' dir='ltr'>de</span> <span class='ocrx_word' id='word_1_239' title='bbox 157 3260 191 3327; x_wconf 83' lang='lat' dir='ltr'>p·</span> <span class='ocrx_word' id='word_1_240' title='bbox 207 3244 280 3306; x_wconf 83' lang='lat'><strong>359.</strong></span> <span class='ocrx_word' id='word_1_241' title='bbox 299 3239 467 3325; x_wconf 83' lang='lat' dir='ltr'>explicavi.</span> <span class='ocrx_word' id='word_1_242' title='bbox 509 3239 594 3301; x_wconf 91' lang='lat' dir='ltr'>Hinc</span> <span class='ocrx_word' id='word_1_243' title='bbox 611 3235 803 3322; x_wconf 74' lang='lat' dir='ltr'>intelligitur</span> <span class='ocrx_word' id='word_1_244' title='bbox 820 3258 879 3323; x_wconf 88' lang='lat' dir='ltr'>per</span> <span class='ocrx_word' id='word_1_245' title='bbox 896 3237 934 3300; x_wconf 83' lang='lat' dir='ltr'>in</span> <span class='ocrx_word' id='word_1_246' title='bbox 957 3241 1137 3305; x_wconf 87' lang='lat' dir='ltr'>monstrari</span> 
     </span>
     <span class='ocr_line' id='line_1_31' title="bbox 84 3321 1135 3412; baseline 0.002 -24"><span class='ocrx_word' id='word_1_247' title='bbox 84 3322 209 3403; x_wconf 78' lang='lat' dir='ltr'>locum,</span> <span class='ocrx_word' id='word_1_248' title='bbox 232 3335 264 3389; x_wconf 86' lang='lat' dir='ltr'>et</span> <span class='ocrx_word' id='word_1_249' title='bbox 280 3324 365 3392; x_wconf 81' lang='lat' dir='ltr'>inibi</span> <span class='ocrx_word' id='word_1_250' title='bbox 384 3323 583 3411; x_wconf 76' lang='lat' dir='ltr'>duplicatam</span> <span class='ocrx_word' id='word_1_251' title='bbox 600 3322 632 3385; x_wconf 92' lang='lat' dir='ltr'>in</span> <span class='ocrx_word' id='word_1_252' title='bbox 650 3343 684 3384; x_wconf 89' lang='lat' dir='ltr'>se</span> <span class='ocrx_word' id='word_1_253' title='bbox 700 3321 821 3385; x_wconf 87' lang='lat' dir='ltr'>habere</span> <span class='ocrx_word' id='word_1_254' title='bbox 839 3325 1021 3404; x_wconf 87' lang='lat' dir='ltr'>notionem,</span> <span class='ocrx_word' id='word_1_255' title='bbox 1041 3328 1135 3412; x_wconf 88' lang='lat' dir='ltr'>quasi</span> 
     </span>
     <span class='ocr_line' id='line_1_32' title="bbox 87 3406 1136 3497; baseline 0.001 -24"><span class='ocrx_word' id='word_1_256' title='bbox 87 3410 161 3494; x_wconf 83' lang='lat' dir='ltr'>quia</span> <span class='ocrx_word' id='word_1_257' title='bbox 177 3413 362 3495; x_wconf 87' lang='lat' dir='ltr'>germanice</span> <span class='ocrx_word' id='word_1_258' title='bbox 377 3411 533 3497; x_wconf 89' lang='lat' dir='ltr'>loquatur</span> <span class='ocrx_word' id='word_1_259' title='bbox 551 3406 689 3472; x_wconf 83' lang='lat' dir='ltr'>dortdo.</span> <span class='ocrx_word' id='word_1_260' title='bbox 733 3407 843 3485; x_wconf 91' lang='lat' dir='ltr'>Quare</span> <span class='ocrx_word' id='word_1_261' title='bbox 866 3409 949 3472; x_wconf 91' lang='lat' dir='ltr'>nihil</span> <span class='ocrx_word' id='word_1_262' title='bbox 974 3407 1136 3476; x_wconf 79' lang='lat' dir='ltr'>differunt</span> 
     </span>
     <span class='ocr_line' id='line_1_33' title="bbox 86 3494 1134 3569; baseline 0.001 -10"><span class='ocrx_word' id='word_1_263' title='bbox 86 3494 137 3559; x_wconf 79' lang='lat' dir='ltr'>iti</span> <span class='ocrx_word' id='word_1_264' title='bbox 159 3506 190 3560; x_wconf 89' lang='lat' dir='ltr'>et</span> <span class='ocrx_word' id='word_1_265' title='bbox 212 3494 315 3569; x_wconf 79' lang='lat' dir='ltr'>inibi,</span> <span class='ocrx_word' id='word_1_266' title='bbox 348 3497 411 3560; x_wconf 90' lang='lat' dir='ltr'>nisi</span> <span class='ocrx_word' id='word_1_267' title='bbox 436 3494 564 3558; x_wconf 89' lang='lat' dir='ltr'>maiore</span> <span class='ocrx_word' id='word_1_268' title='bbox 585 3494 616 3558; x_wconf 85' lang='lat' dir='ltr'>vi</span> <span class='ocrx_word' id='word_1_269' title='bbox 642 3494 942 3558; x_wconf 85' lang='lat' dir='ltr'>demonstrationis.</span> <span class='ocrx_word' id='word_1_270' title='bbox 994 3498 1039 3560; x_wconf 82' lang='lat' dir='ltr'>Ac</span> <span class='ocrx_word' id='word_1_271' title='bbox 1065 3519 1134 3560; x_wconf 90' lang='lat' dir='ltr'>non</span> 
     </span>
     <span class='ocr_line' id='line_1_34' title="bbox 84 3578 1171 3668; baseline 0.002 -24"><span class='ocrx_word' id='word_1_272' title='bbox 84 3580 191 3646; x_wconf 87' lang='lat' dir='ltr'>multa</span> <span class='ocrx_word' id='word_1_273' title='bbox 209 3591 338 3644; x_wconf 85' lang='lat' dir='ltr'>exstant</span> <span class='ocrx_word' id='word_1_274' title='bbox 360 3580 512 3668; x_wconf 87' lang='lat' dir='ltr'>exempla</span> <span class='ocrx_word' id='word_1_275' title='bbox 538 3578 625 3667; x_wconf 89' lang='lat' dir='ltr'>apud</span> <span class='ocrx_word' id='word_1_276' title='bbox 648 3579 799 3664; x_wconf 85' lang='lat' dir='ltr'>antiquos</span> <span class='ocrx_word' id='word_1_277' title='bbox 820 3580 1015 3666; x_wconf 82' lang='lat' dir='ltr'>scriptores,</span> <span class='ocrx_word' id='word_1_278' title='bbox 1038 3580 1135 3666; x_wconf 85' lang='lat' dir='ltr'>plura</span> <span class='ocrx_word' id='word_1_279' title='bbox 1162 3586 1171 3600; x_wconf 74' lang='lat'><strong><em>¹</em></strong></span> 
     </span>
     <span class='ocr_line' id='line_1_35' title="bbox 85 3665 402 3754; baseline 0.003 -24"><span class='ocrx_word' id='word_1_280' title='bbox 85 3665 173 3754; x_wconf 88' lang='lat' dir='ltr'>apud</span> <span class='ocrx_word' id='word_1_281' title='bbox 191 3667 402 3752; x_wconf 86' lang='lat' dir='ltr'>posteriores.</span> 
     </span>
    </p>
   </div>
   <div class='ocr_carea' id='block_1_15' title="bbox 72 3812 1233 4226">
    <p class='ocr_par' dir='ltr' id='par_1_15' title="bbox 72 3812 1233 4226">
     <span class='ocr_line' id='line_1_36' title="bbox 72 3812 1131 3906; baseline 0 -26"><span class='ocrx_word' id='word_1_282' title='bbox 72 3875 75 3880; x_wconf 14' lang='lat' dir='ltr'>A</span> <span class='ocrx_word' id='word_1_283' title='bbox 170 3825 199 3884; x_wconf 90' lang='lat'>1.</span> <span class='ocrx_word' id='word_1_284' title='bbox 220 3819 270 3884; x_wconf 88' lang='lat' dir='ltr'>De</span> <span class='ocrx_word' id='word_1_285' title='bbox 292 3817 370 3882; x_wconf 87' lang='lat' dir='ltr'>loco</span> <span class='ocrx_word' id='word_1_286' title='bbox 395 3827 571 3906; x_wconf 86' lang='lat' dir='ltr'>usurpatur</span> <span class='ocrx_word' id='word_1_287' title='bbox 594 3827 627 3883; x_wconf 89' lang='lat' dir='ltr'>et</span> <span class='ocrx_word' id='word_1_288' title='bbox 652 3815 692 3881; x_wconf 91' lang='lat' dir='ltr'>de</span> <span class='ocrx_word' id='word_1_289' title='bbox 719 3833 774 3898; x_wconf 83' lang='lat' dir='ltr'>re,</span> <span class='ocrx_word' id='word_1_290' title='bbox 798 3826 833 3896; x_wconf 84' lang='lat' dir='ltr'>ut</span> <span class='ocrx_word' id='word_1_291' title='bbox 857 3816 923 3879; x_wconf 85' lang='lat' dir='ltr'>iam</span> <span class='ocrx_word' id='word_1_292' title='bbox 946 3816 981 3879; x_wconf 91' lang='lat' dir='ltr'>in</span> <span class='ocrx_word' id='word_1_293' title='bbox 1007 3812 1056 3879; x_wconf 77' lang='lat' dir='ltr'>iti</span> <span class='ocrx_word' id='word_1_294' title='bbox 1078 3814 1131 3881; x_wconf 89' lang='lat' dir='ltr'>di-</span> 
     </span>
     <span class='ocr_line' id='line_1_37' title="bbox 84 3891 1222 3986; baseline 0.001 -20"><span class='ocrx_word' id='word_1_295' title='bbox 84 3913 175 3968; x_wconf 90' lang='lat' dir='ltr'>ctum</span> <span class='ocrx_word' id='word_1_296' title='bbox 201 3917 257 3968; x_wconf 89' lang='lat' dir='ltr'>est.</span> <span class='ocrx_word' id='word_1_297' title='bbox 302 3904 402 3986; x_wconf 89' lang='lat' dir='ltr'>Quod</span> <span class='ocrx_word' id='word_1_298' title='bbox 424 3906 541 3972; x_wconf 85' lang='lat' dir='ltr'>Pareue</span> <span class='ocrx_word' id='word_1_299' title='bbox 566 3903 600 3966; x_wconf 91' lang='lat' dir='ltr'>in</span> <span class='ocrx_word' id='word_1_300' title='bbox 625 3901 769 3967; x_wconf 86' lang='lat' dir='ltr'>Analect.</span> <span class='ocrx_word' id='word_1_301' title='bbox 795 3891 897 3965; x_wconf 75' lang='lat' dir='ltr'>Plani.</span> <span class='ocrx_word' id='word_1_302' title='bbox 920 3899 959 3964; x_wconf 89' lang='lat' dir='ltr'>ad</span> <span class='ocrx_word' id='word_1_303' title='bbox 981 3902 1084 3967; x_wconf 91' lang='lat' dir='ltr'>Poen.</span> <span class='ocrx_word' id='word_1_304' title='bbox 1100 3907 1145 3986; x_wconf 62' lang='lat'>2„</span> <span class='ocrx_word' id='word_1_305' title='bbox 1219 3937 1222 3942; x_wconf 94' lang='lat'>·</span> 
     </span>
     <span class='ocr_line' id='line_1_38' title="bbox 83 3985 1130 4078; baseline 0.002 -28"><span class='ocrx_word' id='word_1_306' title='bbox 83 3988 135 4054; x_wconf 88' lang='grc'>45.</span> <span class='ocrx_word' id='word_1_307' title='bbox 162 4011 196 4076; x_wconf 86' lang='lat' dir='ltr'>p.</span> <span class='ocrx_word' id='word_1_308' title='bbox 220 3994 294 4053; x_wconf 88' lang='grc'><strong>601.</strong></span> <span class='ocrx_word' id='word_1_309' title='bbox 326 3991 498 4078; x_wconf 77' lang='lat' dir='ltr'>opinatur,</span> <span class='ocrx_word' id='word_1_310' title='bbox 535 3989 633 4052; x_wconf 84' lang='lat' dir='ltr'>etiam</span> <span class='ocrx_word' id='word_1_311' title='bbox 659 3988 750 4051; x_wconf 83' lang='lat' dir='ltr'>intua</span> <span class='ocrx_word' id='word_1_312' title='bbox 771 3985 962 4073; x_wconf 83' lang='lat' dir='ltr'>significari,</span> <span class='ocrx_word' id='word_1_313' title='bbox 1004 3987 1038 4050; x_wconf 92' lang='lat' dir='ltr'>id</span> <span class='ocrx_word' id='word_1_314' title='bbox 1068 4003 1130 4052; x_wconf 83' lang='lat' dir='ltr'>nee</span> 
     </span>
     <span class='ocr_line' id='line_1_39' title="bbox 82 4073 1215 4223; baseline -0.001 -85"><span class='ocrx_word' id='word_1_315' title='bbox 82 4074 254 4223; x_wconf 53' lang='lat' dir='ltr'>{immuni</span> <span class='ocrx_word' id='word_1_316' title='bbox 285 4096 346 4140; x_wconf 89' lang='lat' dir='ltr'>usu</span> <span class='ocrx_word' id='word_1_317' title='bbox 381 4074 615 4150; x_wconf 86' lang='lat' dir='ltr'>confirmatur,</span> <span class='ocrx_word' id='word_1_318' title='bbox 654 4095 722 4138; x_wconf 82' lang='lat' dir='ltr'>nee</span> <span class='ocrx_word' id='word_1_319' title='bbox 739 4082 856 4160; x_wconf 90' lang='lat' dir='ltr'>aptum</span> <span class='ocrx_word' id='word_1_320' title='bbox 887 4082 936 4137; x_wconf 87' lang='lat' dir='ltr'>est</span> <span class='ocrx_word' id='word_1_321' title='bbox 967 4073 1022 4141; x_wconf 84' lang='lat' dir='ltr'>isti</span> <span class='ocrx_word' id='word_1_322' title='bbox 1052 4073 1130 4140; x_wconf 91' lang='lat' dir='ltr'>loco</span> <span class='ocrx_word' id='word_1_323' title='bbox 1212 4141 1215 4146; x_wconf 73' lang='grc'><strong>,</strong></span> 
     </span>
     <span class='ocr_line' id='line_1_40' title="bbox 122 4161 1233 4226; baseline -0.001 -2"><span class='ocrx_word' id='word_1_324' title='bbox 122 4161 200 4226; x_wconf 63' lang='lat' dir='ltr'>flutio</span> <span class='ocrx_word' id='word_1_325' title='bbox 1227 4171 1233 4185; x_wconf 31' lang='lat' dir='ltr'>i</span> 
     </span>
    </p>
   </div>
   <div class='ocr_carea' id='block_1_16' title="bbox 0 0 1428 4724">
    <p class='ocr_par' dir='ltr' id='par_1_16' title="bbox 0 0 1428 4724">
     <span class='ocr_line' id='line_1_41' title="bbox 0 0 1428 4724; baseline 0 2"><span class='ocrx_word' id='word_1_326' title='bbox 0 0 1428 4724; x_wconf 95' lang='lat' dir='ltr'> </span> 
     </span>
    </p>
   </div>
  </div>
 </body>
</html>
