2846 4724
411 343 594 412 lNANTE.
639 343 873 414 {Nulssvtu
1054 373 1056 378 ·
1123 345 1188 411 367
1213 343 1215 350 ⁴

161 565 165 572 ’
282 587 286 594 ·
390 583 833 674 ;ΙΝΑΝΤΕ

203 753 469 838 Praepositiones
484 751 565 820 duas
576 755 611 820 in
627 749 725 820 usum
740 751 959 820 adverbialcm
973 769 1177 838 componere

117 835 226 905 Latini
238 839 390 904 solebant
407 840 531 925 vulgari
547 863 719 921 sermone,
741 865 758 906 c
776 862 842 928 quo
858 841 893 904 in
911 838 1014 902 libros
1030 840 1175 923 scripto·

115 946 192 988 rum
222 925 384 1011 quaedam
408 927 663 1012 pervenerunt.'
688 925 740 992 Cf.
763 927 946 992 Burmann.
974 923 1013 987 ad
1037 922 1174 989 Anthol.

116 1009 160 1074 Τ.
176 1016 204 1074 1.
221 1030 253 1096 p.
270 1013 343 1076 157.
372 1011 538 1076 Dixerunt
555 1012 685 1090 inante,
705 1013 764 1077 sed
779 1033 879 1078 nemo
896 1020 1056 1076 veterum.
1085 1007 1174 1074 Nam

116 1118 201 1182 quae
237 1097 324 1183 apud
359 1097 427 1162 eos
445 1097 566 1184 legitur
590 1096 738 1163 formula
760 1099 798 1164 in
823 1096 1037 1178 antediem,
1075 1093 1174 1160 aliam

109 1203 264 1246 ‚caussam
282 1181 409 1263 habet,·
423 1181 463 1247 de
482 1204 545 1270 qua
561 1183 664 1250 Tem.
683 1190 711 1247 1.
729 1208 766 1272 1ρ.
783 1188 858 1250 878.
903 1183 1039 1268 Reliqua
1058 1202 1175 1245 exem·-

114 1269 180 1356 pla¹
195 1278 251 1331 aut
275 1265 356 1333 falsa
382 1278 532 1332 autnon
558 1280 646 1333 recte
669 1282 802 1358 accepta
827 1281 915 1334 sunt.
960 1265 1062 1348 Quod
1088 1267 1173 1332 bene

113 1364 368 1504 ξῇτεὲοέἓὸυυὲ
376 1355 721 1504 Gronoviusllgbserv.
738 1359 837 1506 11⁹¹le
855 1350 1110 1508 DgrgkchotchlS
1129 1352 1172 1418 ud

164 1485 173 1502 .
305 1485 314 1503 .
370 1460 554 1504 armanno
621 1462 730 1506 ueon.
781 1464 864 1506 rer.
924 1485 934 1506 .
1007 1485 1016 1504 .
1062 1460 1170 1503 uen-

100 1487 223 1613 ¹dorpd
238 1525 281 1589 ad
302 1524 430 1611 Apulei.
452 1525 495 1590 Τ.
523 1531 550 1590 1.
573 1549 606 1614 p.
632 1533 686 1590 20.
731 1530 905 1592 Gesncrus.
921 1548 963 1590 ne
982 1524 1170 1590 recentissi-

112 1614 176 1676 mis
202 1613 335 1696 quidcm
360 1611 581 1697 scriptoribus
607 1617 771 1678 concessit
799 1613 887 1678 huuc
919 1632 1033 1676 usum:
1066 1631 1168 1697 quem

113 1697 268 1762 omuibus
287 1695 482 1760 vindicaturi
500 1707 594 1760 eraut
609 1700 734 1764 Auson.
758 1701 883 1800 Popma
910 1699 951 1761 dc
966 1699 1035 1760 Vsu
1061 1699 1166 1784 antiq.

114 1793 144 1860 1,
161 1787 211 1849 14.
237 1781 432 1846 Gebhardus
448 1782 617 1870 Crepund.
639 1790 669 1861 2,
689 1785 721 1848 5.
767 1787 877 1849 Vnum
904 1785 1075 1871 vegetium
1100 1783 1168 1846 rni-

111 1871 241 1934 litarem
259 1878 428 1932 auctorem
443 1869 603 1952 cognovi,
624 1869 684 2016 gui
707 1869 828 1936 inante
851 1894 913 1956 pro
939 1880 1020 1934 onte
1043 1868 1168 1933 sivein
1250 1906 1252 1914 ·
1359 1875 1362 1890 '

112 1954 288 2019 anteriore
301 1964 409 2040 purte
432 1954 525 2017 dixit.
571 1955 620 2017 Vn

109 2065 143 2130 p.
154 2041 246 2138 'Mun
266 2045 317 2119 12,
335 2043 388 2103 26.
409 2039 555 2102 attulerit
569 2039 740 2123 existente,
762 2065 817 2106 me
832 2039 928 2128 fugit.
960 2040 1058 2138 §illl
1073 2040 1168 2102 Gen·-
1267 2061 1271 2070 ·

107 2127 332 2278 llllsodirarlrlrg·
356 2125 398 2190 ad
421 2124 576 2190 Pandect.
601 2130 637 2209 1,
664 2127 715 2191 14.
756 2138 928 2264 corruperat
957 2124 1171 2250 idiotismunr

213 2351 299 2404 Nemo
320 2349 376 2404 linc
391 2351 495 2403 referet
509 2351 620 2406 haeret.
643 2350 679 2417 5,
694 2349 755 2404 ltu.
781 2357 895 2422 tempore
908 2352 935 2404 in
948 2358 1008 2406 cate
1024 2357 1092 2404 oeta.
1117 2355 1166 2413 eut

157 2441 161 2449 ‘
177 2436 285 2506 leinn.
300 2435 329 2488 in
343 2435 406 2505 utg.
422 2437 465 2500 11,
483 2433 510 2501 4,
530 2438 556 2488 1.
575 2437 676 2491 ueniam
691 2438 719 2489 ia
737 2444 799 2490 octe
813 2445 899 2489 ectum
913 2437 993 2490 dedit.
1027 2435 1063 2488 As
1083 2441 1164 2489 retu⁴

178 2521 212 2573 lit
224 2522 387 2575 Bernartius
404 2522 439 2574 ad
454 2521 522 2574 slat.
545 2521 616 2574 Silv.
639 2522 673 2587 1,
694 2521 728 2586 6,
744 2518 787 2572 36.
809 2521 893 2592 Prop·
906 2519 940 2585 2,
955 2519 988 2584 8,
1002 2517 1046 2572 41.
1063 2520 1088 2572 ei
1108 2518 1166 2588 quie

177 2607 323 2674 vultfamo
336 2608 440 2661 tabulae
459 2608 556 2662 eruore
581 2607 708 2671 uetustae3
730 2608 772 2659 lu'e
793 2606 925 2658 dominam
948 2606 1061 2673 exemplo
1086 2610 1166 2673 ponat

180 2691 209 2742 iu
233 2680 296 2743 eale
327 2709 420 2744 meam.
471 2689 551 2744 llaec
575 2684 761 2758 quorumdam
786 2688 911 2741 codicum
942 2689 1079 2758 scriptura
1102 2703 1166 2742 sno·
1223 2715 1226 2726 =

127 2805 130 2810 ·
177 2791 267 2844 nuper
284 2773 390 2828 invenit
410 2775 567 2828 defensaret
590 2775 796 2828 Lachmannum
813 2782 840 2828 et
853 2775 993 2828 Iacobum.
1027 2774 1080 2826 llle
1097 2789 1164 2824 coa-

180 2860 262 2912 struit
285 2861 371 2912 verba
395 2859 454 2911 hoe·
467 2859 579 2914 ordine:
602 2859 649 2912 hic
673 2867 735 2914 cate
755 2876 848 2914 mecm
872 2859 1009 2912 dorniaem
1028 2862 1113 2926 ponat
1135 2855 1165 2910 iu

181 2944 325 3011 exemplos
342 2944 413 3012 quod
430 2942 516 2996 miror
531 2943 581 2997 teli
594 2944 653 2997 vira
667 2944 695 2996 in
712 2949 832 2996 mentem
847 2943 963 2998 verisne.
998 2945 1085 2999 Recte
1097 2957 1165 2994 vero

180 3028 230 3081 alti
252 3028 320 3081 libri
341 3028 566 3100 ialartcssovid.
591 3029 657 3082 Met.
679 3015 712 3094 2,
735 3027 796 3082 524.
823 3031 941 3097 argolica
966 3028 1035 3096 quud
1058 3034 1082 3079 et
1104 3033 1164 3079 oute

127 3147 130 3154 ·
178 3115 326 3167 Phoronide
335 3114 412 3182 fecit.
449 3113 528 3180 Quod
543 3113 572 3166 in
588 3114 727 3167 nonnullis
744 3111 821 3166 liert·
842 3111 947 3182 legitur
961 3128 994 3162 ex
1008 3110 1164 3166 scribarum

115 3263 118 3270 Ι
179 3214 231 3250 utu
244 3200 351 3262 locate,
368 3215 421 3250 non
442 3198 522 3250 modo
545 3199 670 3253 defendit
688 3197 867 3260 Gebbanitas,
888 3196 937 3246 sed
958 3193 1042 3250 etiam
1067 3194 1163 3247 conie-

180 3286 260 3334 ctura
273 3281 365 3336 intulit
379 3282 409 3334 in
425 3284 490 3336 Met.
506 3281 602 3348 11323.
620 3283 668 3336 ubi
677 3284 762 3352 vulgo
775 3281 895 3352 legitur:
913 3287 1061 3348 nostrasque
1075 3282 1165 3332 domoc

180 3375 209 3421 tu
222 3375 246 3420 ct
265 3375 337 3430 ante,
348 3370 509 3436 frequentat.
543 3367 601 3420 Nec
615 3367 713 3424 melior
725 3369 801 3420 factu
816 3371 857 3418 est
872 3363 1026 3421 emendatio
1042 3381 1059 3417 a
1073 3365 1164 3418 usa·-

183 3450 266 3518 queio
281 3451 308 3503 in
317 3450 380 3506 Silii
397 3449 498 3517 13580.
516 3451 700 3522 scaligerum,
720 3452 767 3520 qui
785 3451 857 3520 apud
874 3449 934 3502 laiv.
942 3449 986 3514 26,
1001 3449 1044 3515 23,
1054 3447 1081 3500 4.
1098 3460 1165 3518 qaae
1246 3457 1248 3469 '

182 3539 275 3589 inante
291 3539 366 3604 fisce
380 3546 456 3591 erem
472 3535 528 3606 pro'
541 3538 570 3590 ic
590 3537 711 3606 antefixis
724 3534 849 3606 scripsit,
865 3552 946 3588 nemo
967 3539 1009 3587 ert
1034 3539 1164 3602 sequntur

81 3620 83 3624 ’
179 3628 293 3691 practer
307 3621 492 3694 Bernartium,

647 1955 839 2022 eGraevius
865 1957 899 2020 in
923 1957 1013 2019 notis
1036 1954 1075 2017 nd
1100 1954 1166 2018 Cic.
1270 1977 1275 1992 ·

216 3724 313 3792 vegei.
326 3723 360 3776 de
374 3727 416 3778 Rc
433 3725 491 3777 mil.
498 3700 539 3790 ll,
553 3722 596 3777 21.
619 3725 752 3788 sciendam
763 3731 901 3796 praetcrea
909 3762 917 3788 ,
934 3736 1012 3794 quum
1026 3718 1163 3775 missilibus
1276 3745 1280 3750 ·

68 3803 82 3828 ‘
181 3808 289 3877 agitur,
307 3809 422 3863 sinistros
442 3811 521 3880 pedes
542 3810 631 3866 iuncte
653 3811 747 3863 milite's
763 3811 865 3863 'holere
888 3810 986 3862 debere.
1021 3803 1047 3867 l,
1060 3801 1103 3854 21.
1123 3804 1164 3856 itu

181 3900 213 3944 ct
238 3893 330 3946 incute
349 3896 381 3948 cit
401 3901 485 3965 fosso.
519 3893 583 3950 vide
606 3893 725 3952 Beseelii
745 3895 900 3952 Miscellaa.
924 3909 952 3962 p·
966 3889 1029 3948 llll.v
1043 3888 1163 3942 Miscell.

183 3976 299 4033 oussrv.
316 3977 351 4030 Τ.
365 3978 391 4032 i.
409 3996 435 4052 ρ.
451 3977 511 4037 149.

142 4220 146 4226 .
199 4158 232 4254 j
276 4094 632 4224 'INCASSVM
689 4143 1002 4245 vltecassvll.¹
1038 4166 1070 4266 x·
