2856 4722
229 292 295 364 aaa
350 244 353 258 ’
666 279 831 348 aaran.
879 281 882 291 ¹
999 369 1002 376 Α

234 466 272 510 ea
290 436 594 528 complectebatur,
617 455 700 522 quae
715 433 766 499 vel
788 453 862 518 erga
877 431 1005 518 aliquos
1021 431 1073 497 vel
1091 454 1206 498 eoram
1223 435 1288 503 ali·
1388 461 1391 518 χ

26 521 30 533 ’
138 563 139 568 1
235 527 355 617 quibus
371 527 422 614 agi
445 524 650 592 dicebantur.
693 522 762 586 Neo
783 530 914 584 tantum
936 518 1289 597 adieetiva,'aedsub-

144 665 147 672 .
178 619 180 629 ’
236 614 376 679 stantiae
405 611 503 675 etiam
525 609 617 674 brevi
639 607 675 671 in
699 606 848 670 oratione
873 625 949 668 cum
981 606 1226 692 praepositione
1257 619 1291 672 et

105 719 107 726 “
235 699 300 764 alio
333 698 471 762 nomine
497 695 761 776 coniunguntur,
792 701 831 755 ut
859 689 1058 770 declaretur,
1092 691 1179 778 apud
1205 714 1290 781 quos

19 783 28 808 ’
124 803 125 808 ’
193 856 199 871 Ι
237 783 319 873 quid
340 783 447 869 aliqua
463 803 515 846 res
531 779 637 845 valeat
651 777 852 865 vel'polleut·
897 773 995 841 Conf.
1017 779 1123 840 n.1a.

340 901 401 955 [aiv.
415 899 460 965 26,
474 899 501 964 2,
516 899 559 952 11.
577 915 642 967 ergo
656 897 782 965 effecisse,
803 897 940 962 atseroees
955 902 979 948 et
992 894 1101 963 inquieti
1114 894 1184 948 iuter
1201 896 1294 963 eoeioe,
1317 887 1323 911 l
1395 896 1397 958 l

306 987 401 1058 ignaui
416 991 441 1040 et
457 985 570 1038 imbelles
591 983 657 1034 inter
672 983 756 1034 hostes
776 986 865 1034 eareat.
884 978 955 1032 haee
970 980 1133 1048 respondent
1153 979 1203 1047 iia,
1222 998 1294 1049 qnae

183 1062 189 1069 ’
306 1077 370 1126 aute
387 1070 538 1124 dictasunt
559 1064 669 1120 dativo:
689 1067 758 1119 trevi
780 1066 898 1134 effecisse
910 1065 1057 1136 ,disciplina
1068 1073 1155 1135 atque
1175 1067 1292 1138 imperio,

306 1164 337 1212 nt
354 1181 388 1198 -
403 1153 535 1225 promidio
548 1151 641 1216 enode,
659 1142 774 1204 domitam
791 1149 987 1228 terrori-esseut.
1400 1223 1401 1226 Ἴ

314 1239 319 1254 ’
343 1251 895 1322 cu.aaram.1e‚a1,a.tentassem.
912 1280 947 1291 -
965 1260 1034 1306 ase:
1049 1251 1108 1304 cas
1123 1252 1212 1306 nasu
1233 1257 1295 1324 ufi-
1400 1251 1402 1314 t

308 1345 347 1398 eia
362 1351 389 1398 et
404 1339 565 1403 aieeromtio
582 1346 609 1394 et
625 1344 761 1413 praetem
783 1327 919 1408 splendore
941 1345 1017 1408 utque
1036 1336 1102 1391 inter
1124 1355 1183 1392 euos
1203 1342 1296 1412 gratio

308 1445 438 1499 mugnone
452 1424 611 1494 uoluptatem
626 1439 679 1475 esee
696 1429 843 1492 capturum.
1193 1419 1196 1430 '

339 1528 402 1582 niv.
415 1524 442 1592 6,
458 1523 502 1590 34,
515 1522 542 1577 5.
561 1525 598 1578 Μ.
621 1505 697 1576 Fatis·
719 1524 855 1587 Aminaei,
871 1523 980 1593 potentia
1000 1522 1050 1574 uiri
1070 1541 1148 1592 quum
1171 1523 1238 1602 ipter
1254 1526 1297 1580 eni
1405 1535 1406 1546 ¹

310 1611 424 1681 eorporis
438 1612 570 1674 leminea,
586 1616 647 1662 tum*
665 1610 746 1662 etiarn
766 1611 802 1661 od
818 1611 931 1680 plebem,
950 1634 984 1649 -
1000 1609 1079 1676 filiae
1097 1610 1167 1661 duae
1188 1620 1297 1683 nuptae.

311 1699 425 1752 Sueton.
442 1697 520 1751 Caes.
537 1693 563 1747 6.
580 1692 691 1763 (reges)
708 1693 752 1762 qni
764 1693 904 1763 plurimum
919 1694 987 1747 iuter
1001 1693 1117 1747 homiues
1127 1696 1235 1765 pollent.

237 1893 245 1904 =
265 1927 268 1934 ¹
326 1854 360 1916 9.
380 1849 434 1916 Ex
449 1847 500 1913 his
517 1843 612 1912 facile
628 1842 814 1932 colligitur,
835 1865 903 1930 quo
918 1843 1022 1909 modo
1044 1845 1135 1913 inter
1153 1848 1299 1916 circum-

245 1934 398 2005 stantiam
414 1929 527 1999 'rerum
542 1933 691 1998 denotet.
734 1924 771 1993 ld
788 1950 866 1994 vero
887 1951 990 2017 quum
1007 1931 1204 2022 plerumque
1222 1956 1299 2002 oum

245 2022 407 2109 temporis
431 2021 570 2084 notione
593 2019 809 2081 coniunctum
829 2017 891 2096 sit,
921 2037 1020 2081 usum
1051 2017 1299 2088 demonstrabi·
1412 2034 1413 2038 ’

244 2125 321 2174 mus
336 2105 443 2186 infra,
463 2101 599 2193 quando
614 2101 656 2168 ad
673 2113 806 2189 tempus
823 2103 1079 2191 pervenerimus.

234 2316 246 2322 -
334 2263 386 2324 10.
425 2254 489 2322 Sed
523 2255 626 2322 redeo
658 2253 700 2320 ad
728 2254 906 2342 singulares
934 2255 1302 2341 quasdamdiotioues.

199 2391 207 2399 „
247 2343 346 2411 Inter
360 2343 452 2418 vioe,
475 2341 567 2428 q‘uod
582 2341 731 2407 Donatus
751 2345 789 2407 ad
809 2341 946 2406 Terent.
960 2342 1046 2407 Eun.
1061 2347 1093 2420 4,
1108 2348 1140 2422 a,
1157 2351 1185 2409 t.
1198 2342 1302 2434 figu-

247 2441 365 2496 ratum
380 2440 413 2495 et
425 2449 548 2493 novum
564 2426 726 2516 appellat,
750 2426 906 2494 omnibus‘
921 2427 1128 2517 temporibus
1146 2451 1303 2496 commu·

247 2538 292 2582 ne
310 2516 439 2583 videtur
453 2513 574 2595 fuisse,
596 2522 629 2578 et
643 2515 678 2578 in
695 2515 820 2602 vulgari
844 2505 999 2578 sern'tone
1013 2524 1138 2581 natum.
1182 2515 1243 2580 Est
1259 2517 1302 2584 de

250 2603 403 2669 euntibus
443 2622 484 2665 ro
507 2600 546 2664 in
562 2598 638 2664 viar
659 2605 863 2686 nnteiwega.
905 2599 978 2665 utto
999 2622 1095 2666 sensu
1116 2599 1302 2670 (11111811-

171 2727 173 2732 .
247 2689 359 2754 tonius
372 2623 499 2755 inlooo
514 2705 613 2773 snpra
635 2704 669 2747 n.
687 2687 717 2750 5.
733 2684 830 2751 allato
853 2685 942 2751 Caes.
959 2689 1013 2752 89.

351 2805 444 2861 Pleut.
457 2803 519 2857 Aul.
534 2804 560 2869 2,
575 2801 601 2868 8,
615 2802 642 2856 9.
662 2804 755 2857 «tunde
770 2812 874 2875 egomet
895 2823 994 2860 meeum
1017 2807 1136 2878 cogitare
1156 2807 1225 2862 inter
1244 2807 1302 2862 uine

316 2891 410 2962 occepi.
444 2892 529 2943 Poen.
551 2886 584 2952 5,
597 2885 689 2953 3,(13.
711 2897 740 2943 ut
760 2907 792 2944 ne
808 2891 875 2945 inter
890 2893 946 2945 uias
958 2893 1182 2962 praeterbitamus,
1208 2901 1303 2946 mnne.

320 2977 432 3030 Terent.
452 2977 524 3029 Eun.
543 2973 571 3040 4,
586 2973 613 3041 2,
626 2973 653 3028 1.
678 2977 742 3029 dnm
764 2993 808 3029 rus
829 2993 875 3043 eo,
902 2977 972 3047 coepi
993 2984 1098 3048 egomet
1120 2995 1220 3031 meeum
1239 2979 1304 3032 iuter

317 3061 377 3114 vioe
394 3086 430 3100 -
446 3061 529 3113 oliam
544 3077 599 3114 rem
616 3077 647 3114 ee
659 3061 715 3112 olio
733 3061 858 3130 rogitare.

354 3163 435 3231 Apud
449 3162 504 3219 cic.
521 3163 556 3216 nel
573 3164 629 3217 att.
643 3160 670 3229 4,
683 3163 709 3216 11.
725 3163 810 3233 vulgo
825 3160 946 3232 legitnre
962 3162 986 3216 ei
1000 3180 1027 3216 ee
1041 3164 1110 3217 iuter
1131 3163 1202 3216 atam
1225 3165 1305 3218 olto-

248 3308 251 3322 ,
320 3247 395 3312 terit,
413 3249 522 3301 ocenum
541 3249 576 3301 iri
590 3249 623 3301 oi
639 3250 694 3318 ipso
707 3249 806 3301 Milone
820 3250 904 3301 uideo.
937 3248 1016 3301 llaec
1037 3265 1073 3300 na
1090 3246 1178 3301 latina
1194 3247 1307 3317 quidem

320 3330 457 3385 videntur.
498 3333 685 3388 Emendernnt
706 3332 777 3389 inter
796 3317 878 3398 uina,¹
900 3330 950 3385 atii
971 3330 1064 3386 ‘otiien
1105 3333 1184 3389 Libri
1208 3331 1308 3404 scripti
1356 3349 1359 3358 “

321 3415 394 3470 nihil
406 3415 467 3472 rani
481 3418 625 3486 praebent.
730 3457 734 3468 .

269 3566 270 3571 ’
339 3574 391 3636 11.
412 3568 510 3652 Inter
530 3591 593 3658 pro
619 3567 834 3635 intrantium
855 3555 895 3634 do
914 3568 990 3634 lo'co
1013 3569 1165 3657 usurpari
1188 3567 1310 3633 obser-

253 3666 370 3721 varunt
398 3655 512 3720 critici.
558 3654 621 3718 Sed
644 3656 792 3720 Kritzius
815 3656 856 3719 ad
882 3655 1011 3720 Sallust.
1033 3654 1103 3742 lug.
1121 3660 1181 3737 93,
1196 3659 1229 3720 8.
1254 3653 1310 3717 di-

255 3741 393 3826 stinguit
407 3741 441 3805 in
458 3737 547 3804 huno
565 3741 725 3827 modum:
748 3741 839 3807 inter
854 3740 945 3805 dere
962 3741 1038 3820 dici,
1059 3761 1143 3826 quae
1159 3740 1199 3805 ab
1217 3749 1312 3804 utra-

186 3843 208 3872 '·
279 3846 320 3890 ue
336 3837 429 3915 parte
446 3835 633 3890 coerceturr
656 3827 752 3891 intro
775 3838 885 3891 autern
908 3825 949 3890 de
964 3849 1000 3890 re
1020 3827 1166 3911 undique
1189 3825 1311 3890 clausa.

255 3849 328 3976 lloc
356 3911 491 3998 quidem
506 3931 650 3977 'verume
671 3909 753 3976 illud
775 3923 884 3976 tamen
910 3911 1052 3977 nimium
1075 3920 1222 3976 coarctat
1242 3933 1312 3974 no-

258 3995 398 4061 tionem.
440 3997 527 4092 Npm
553 3995 644 4062 iuter
658 3997 774 4062 vineae
799 4006 848 4062 est
873 3995 915 4062 ad
934 3998 1060 4078 vineae,
1081 3998 1169 4084 apud
1188 3998 1314 4062 vineas.

255 4081 377 4147 Poetae
393 4092 504 4152 eutem
520 4079 636 4168 fuere,
652 4082 715 4174 vqui
731 4082 822 4150 inter
841 4105 904 4171 pro
921 4084 1017 4151 intro
1033 4091 1210 4173 ponerent.
