2866 4716
273 365 315 428 54
540 343 546 356 '
734 311 841 426 tttttt.

326 469 333 480 ι
360 513 394 577 2.
414 505 555 577 Videtur
570 509 704 598 quidem
718 511 794 576 laem
810 500 983 600 etiam'pro
997 511 1175 602 hearponi
1194 510 1229 579 in
1255 509 1316 576 ad-

280 594 448 676 vocanda,
469 605 507 659 ut
529 597 701 662 reddaturz
725 596 766 661 hc
790 596 858 660 sive
882 595 982 674 heda.
1024 595 1317 677 Quemadmodum

280 677 416 746 Terent.
429 678 535 758 ¹Andr.
549 682 582 762 5,
595 687 626 763 2,
644 685 695 746 19.
716 681 812 760 h'em,
832 679 981 760 Dromo,
1001 679 1145 748 Dromo.
1188 683 1248 749 llic
1262 691 1317 747 ta-

282 785 361 831 men
375 764 467 830 locus
483 765 524 829 ad
540 788 597 831 eoa
611 764 727 834 referri
742 763 855 850 debet,
879 766 915 832 in
931 765 1048 855 quibus
1073 767 1189 856 aliquis
1214 768 1263 832 ira
1286 776 1320 832 ct

283 849 455 916 stomacho
473 851 664 916 exardescit.
1047 869 1051 876 ·

364 975 396 1038 8.
420 968 569 1036 Notanda
585 980 632 1058 eat
647 967 850 1046 consuetudo
874 966 1090 1048 comicorum,
1111 991 1177 1057 qua
1193 968 1320 1036 demin

282 1061 434 1121 extremo
450 1076 545 1121 versu
566 1076 689 1142 ponere
708 1054 874 1130 nolebant,
896 1055 993 1122 etiam
1009 1054 1048 1118 ab
1073 1053 1167 1120 initio
1191 1058 1321 1121 oratio·

189 1183 192 1195 .
281 1138 345 1202 nis.
386 1140 468 1205 Eam
482 1139 664 1206 observavit
679 1150 710 1206 et
737 1140 965 1206 emendatione
986 1139 1157 1228 aliquoties
1179 1141 1322 1206 restituit
1425 1165 1426 1172 ¹

282 1219 585 1376 {gutheiffidffle
606 1234 704 1291 notas
728 1225 770 1292 ed
789 1223 926 1291 Terent.
940 1224 1045 1292 Andr.
1065 1225 1146 1310 8‚4,
1163 1231 1213 1292 12.
1243 1227 1323 1309 5,2‚

326 1349 337 1372 .
389 1354 399 1386 ,
436 1355 447 1388 ,
505 1349 516 1372 .

365 1425 398 1488 4.
422 1423 645 1509 Componitur
663 1422 740 1486 hem
756 1432 789 1486 et
812 1443 889 1487 cum
911 1424 1093 1490 accusativo
1111 1435 1144 1490 et
1166 1439 1243 1489 'oum
1262 1423 1324 1488 da·

283 1505 352 1572 tivo
377 1509 572 1586 nominum,
594 1504 655 1570 obt·
674 1505 795 1591 aliquid
813 1508 997 1572 ostenditur
1019 1519 1052 1572 et
1083 1508 1176 1574 alicui
1200 1507 1325 1594 aliquid
1389 1581 1394 1585 ,
1426 1509 1427 1554 ³

281 1590 441 1658 offertur:
473 1591 563 1678 quod
586 1589 625 1654 fit
647 1588 788 1675 elliptica
817 1593 961 1672 ratione,
984 1615 1055 1657 non
1077 1593 1110 1659 vi
1136 1592 1325 1680 particulae,

285 1695 369 1762 quae
389 1675 528 1744 verbum
550 1697 621 1740 non
648 1674 788 1764 attingit.
835 1674 875 1742 In
892 1677 1026 1766 reliquis
1041 1680 1132 1744 enirn
1153 1676 1325 1765 toquaaiot
1427 1736 1428 1757 ,

245 1855 248 1860 Ι
282 1759 380 1828 nibus
395 1784 456 1851 per
474 1784 509 1829 se
524 1770 662 1848 constat.
1043 1837 1048 1849 .

387 1883 477 1950 „cnm
498 1879 665 1934 nominativo
689 1877 774 1934 etiarn
787 1878 865 1950 iungi
879 1881 940 1934 rnlt
959 1879 1155 1950 Deopeaterim
1172 1896 1198 1947 ρ.
1213 1876 1275 1932 228.
1294 1884 1327 1934 ut

191 1961 194 1970 ’
236 1967 240 1972 ’
353 1965 414 2020 hem
433 1969 539 2020 Danaae
565 1969 594 2018 et
619 1963 756 2018 neminem
777 1983 811 2018 ex
829 1965 953 2034 ,prataria
974 1963 1013 2018 ric
1035 1965 1190 2034 loquentem
1207 1961 1326 2016 invenio.

298 2071 302 2095 r
354 2049 438 2104 dddit
460 2048 571 2103 Vrsinur
594 2066 622 2117 p.
637 2046 698 2102 490.
720 2055 749 2103 et
770 2065 832 2101 cnm
851 2049 960 2102 dativae
993 2055 1023 2102 ut
1048 2051 1161 2104 Terent.
1183 2047 1327 2112 tranant,

304 2155 306 2159 ’
354 2130 423 2199 ῌ.
447 2134 496 2187 Ad.
515 2133 542 2199 2,
557 2133 583 2196 1,
600 2133 715 2187 lli-luera
734 2132 825 2186 mirera
843 2134 924 2185 ruiti.-
945 2136 976 2184 ot
997 2132 1054 2197 hei,
1075 2131 1323 2199 nonhamoptimir

356 2217 507 2288 quibusque
530 2214 668 2270 codicibus
686 2216 798 2284 legitur.
831 2215 864 2267 ln
884 2217 937 2266 hoc
957 2219 1049 2266 antem
1073 2214 1194 2266 eiusdem
1214 2214 1326 2266 Pharan.

355 2297 383 2364 ὖ,
398 2298 425 2365 6,
442 2300 467 2352 t.
487 2301 544 2354 hera
557 2301 603 2353 tihi
612 2300 622 2350 l
641 2301 689 2352 titi
702 2314 758 2351 nan
774 2298 809 2350 ab
821 2298 896 2362 tem,
913 2295 961 2347 ted
983 2297 1099 2348 everha
1121 2296 1259 2350 intellecto
1283 2297 1326 2349 di-

355 2399 401 2453 eo,
421 2383 524 2454 accipe,
541 2383 587 2436 rel
598 2381 682 2437 simili
699 2380 829 2451 pendet.“
863 2377 1042 2487 manumittat.
1056 2380 1179 2435 tama
1199 2399 1226 2450 p.
1241 2378 1302 2434 tto.

371 2519 406 2584 6.
428 2517 512 2583 Veue
536 2517 633 2582 huius
647 2515 825 2603 particulae
847 2514 936 2580 haud
957 2507 1051 2580 facile
1071 2516 1198 2580 excedit
1220 2514 1327 2580 collo·

290 2597 367 2686 quia
383 2613 414 2666 et
430 2602 608 2668 familiares
620 2622 795 2668 sermones.
840 2601 949 2682 Quare
965 2619 1127 2686 nusquam
1151 2602 1186 2664 in
1203 2601 1327 2665 oratio-

289 2682 388 2749 nibus
403 2685 585 2769 invenitur,
607 2687 669 2751 nisi
685 2685 742 2750 ubi
762 2685 857 2750 verba
875 2684 1033 2770 evulgari
1052 2694 1084 2746 et
1108 2685 1185 2748 exili
1208 2707 1327 2770 genere

292 2761 422 2837 dicendi
440 2771 737 2860 depromptaaunt.
780 2771 893 2850 Quum
916 2773 925 2835 i
951 2772 1015 2834 itur
1029 2767 1177 2833 Muretus
1202 2781 1234 2834 et
1258 2771 1328 2834 Ga-

290 2855 442 2920 aaronica
459 2856 494 2920 in
515 2857 583 2921 Cic.
610 2855 694 2921 Phil.
709 2858 740 2934 5,
756 2858 787 2930 6,
806 2859 857 2921 15.
879 2791 1089 2920 dedecerent
1112 2855 1249 2920 vaticani
1268 2875 1329 2918 co-

293 2936 379 3003 dicia
405 2941 603 3028 scripturam
627 2963 680 3006 em
713 2962 887 3016 causeam,
918 2937 1071 3006 Ciceroni
1094 2933 1177 3004 falso
1199 2939 1328 3004 tribue·

264 3066 267 3070 ·
292 3033 392 3105 runt,
413 3026 503 3114 quod
520 3025 660 3094 librariis
679 3027 840 3115 assignare¹
861 3023 1050 3091 debuerant.
1092 3021 1119 3086 li
1144 3023 1233 3090 enim
1255 3024 1328 3089 abi-

294 3128 359 3196 que
374 3132 417 3174 ea
434 3113 469 3177 in
493 3133 547 3178 em
562 3114 585 3177 i.
601 3134 630 3177 e.
648 3113 724 3178 hem
739 3119 1011 3198 transposuerunt
1034 3106 1159 3196 vulgari
1184 3111 1329 3178 sermoni

294 3192 429 3260 adsueti.
479 3198 524 3262 Aa
546 3197 644 3262 multi
666 3205 742 3261 aunt
764 3195 847 3274 loci,
874 3195 909 3259 in
933 3195 1048 3282 quibua
1070 3191 1330 3259 vocabulo'lrem

294 3277 491 3346 eubetituere
506 3281 610 3368 poesia
627 3303 678 3360 en,
701 3299 813 3368 pauca,
830 3279 862 3342 in
881 3279 997 3366 quibus
1017 3279 1232 3348 contrarium.
1265 3279 1329 3343 Ce-

294 3372 406 3429 terum
420 3367 663 3432 Lindemannua
680 3366 723 3429 ad
734 3364 840 3430 Plauti
856 3365 948 3452 Capt.
965 3370 997 3447 8,
1011 3365 1042 3444 t,
1058 3367 1092 3428 8.
1113 3365 1239 3450 negarit
1253 3363 1330 3428 kern

295 3468 366 3514 eoae
380 3450 613 3528 monstrantia,
637 3449 725 3538 quod
750 3449 920 3536 quomodo
942 3446 1152 3539 comprobari
1171 3448 1274 3536 possit
1293 3449 1330 3514 in

294 3533 336 3600 iis
360 3533 462 3617 locis,
485 3536 519 3601 in
535 3535 651 3622 quibus
668 3534 936 3602 demonstrationi
952 3535 1072 3622 aliquid
1096 3555 1136 3600 ex
1159 3532 1258 3597 animi
1275 3531 1329 3594 af-

295 3617 386 3685 fectu
409 3620 593 3688 admixtum
619 3642 688 3686 esee
712 3632 864 3708 apparet,
896 3621 1047 3706 equidem
1061 3641 1128 3685 non
1153 3615 1329 3716 perspicio.

295 3703 335 3768 In
352 3706 448 3794 capt.
463 3713 494 3784 8,
513 3707 545 3786 4,
564 3711 596 3772 8.
620 3704 704 3772 bene
718 3727 753 3770 ae
768 3703 869 3771 habet
884 3708 945 3773 rari
970 3716 1043 3769 tura
1061 3702 1181 3767 coelicae
1202 3699 1329 3764 leiden-

297 3787 360 3872 oia:
384 3814 427 3857 cu
448 3790 707 3872 tibilrominem,
726 3788 799 3855 udi.
841 3729 1053 3856 Centhone.
1069 3793 1101 3852 2.
1126 3784 1248 3882 p.”d65.
1288 3782 1329 3849 In

298 3870 367 3940 cie.
388 3876 475 3945 Phil.
496 3878 665 3958 5‚12,su.
694 3877 787 3951 hem,
809 3875 858 3940 ad
879 3896 973 3963 quem
990 3873 1122 3958 legatae
1145 3879 1329 3937 metiamur.

231 3963 234 3970 '
297 3955 465 4028 ferrarius
488 3963 608 4028 merito
631 3963 791 4029 revocavit
815 3985 874 4038 eu,
895 3957 985 4044 quod
1012 3953 1175 4022 eomodo
1202 3953 1329 4019 dictum

299 4053 365 4125 eut,
393 4069 459 4132 quo
483 4051 524 4128 8,
546 4053 586 4123 9,
604 4051 657 4112 22.
680 4069 739 4123 aa,
761 4066 821 4109 cur
840 4044 1006 4130 magister
1029 4042 1098 4108 eiua
1122 4061 1161 4104 ea
1193 4051 1331 4106 oratore

301 4139 422 4200 arator
428 4126 567 4224 jactae,
583 4130 810 4222 possidentia
824 4150 914 4217 agro
922 4125 1058 4216 publica
1072 4123 1195 4217 papuli
1213 4147 1331 4194 ramn-
