2902 4718
477 325 626 400 HODlE.
668 325 912 408 uuuluuvu.
1152 335 1217 401 1⁰1.

171 477 269 542 hante
291 477 393 543 noch.
440 477 509 545 Nec
539 478 617 546 sotis
650 497 782 544 unusne
805 488 874 544 eret
898 481 1091 559 Borriclaio,
1115 483 1210 550 utin

171 563 312 649 Cogitat.
330 587 365 651 p.
379 565 452 630 275.
467 587 503 630 re
528 564 722 632 rehenderet
739 565 950 652 Scioppium‚
971 568 1028 653 qui
1042 569 1077 632 in
1090 570 1210 634 Anim-

168 647 341 713 adversio
361 650 466 714 Vossii
481 589 568 716 lillro
585 650 626 716 de
642 651 729 716 vitiis
752 651 916 715 sermonis
940 673 975 738 p.
992 657 1043 716 20.
1064 656 1126 718 scri
1153 676 1208 718 se-

166 743 237 797 rat:
269 734 468 822 „Hodieque
490 759 553 824 pro
573 735 673 801 hodie
692 752 826 824 quoque
849 757 883 834 p.
903 741 952 800 11.
975 745 1009 798 et
1030 737 1099 802 aliis
1124 677 1207 804 llicis

165 819 301 884 Vossius
316 819 412 901 dicit,
435 841 539 906 quum
554 832 665 886 tamen
682 842 751 887 non
765 821 830 886 nisi
850 843 886 884 rn
905 842 943 886 ea
968 830 1070 886 aetate
1092 824 1126 886 in
1142 845 1208 888 ‘usu

158 902 269 970 ¹fuisse
295 905 462 992 coeperit,
493 929 557 992 qua
581 908 649 971 iam
671 905 797 970 Romae
820 905 919 971 latine
948 904 1041 993 loqui
1067 905 1208 974 desitum

162 987 296 1068 fuisse,
310 990 434 1056 Seneca
458 993 549 1056 testis
566 997 658 1054 est.“
701 991 788 1056 Nam
810 1011 893 1077 quoe
915 990 986 1076 ipse
1006 989 1101 1054 affert
1122 991 1210 1055 Bor-

78 1065 83 1078 ’
163 1073 292 1138 richius
316 1073 486 1160 exempla,
512 1086 589 1138 sunt
615 1075 717 1154 Livii,
748 1075 862 1140 Velleii
894 1075 1071 1151 Paterculi,
1104 1075 1211 1144 Plinii.

164 1157 269 1220 Conf.
300 1158 433 1245 Sciopp.
456 1157 578 1224 lulum.
603 1159 748 1225 Famiani
773 1183 807 1248 p.
830 1161 883 1242 55.
906 1160 990 1248 (44.)
1012 1182 1111 1248 quem
1138 1161 1211 1228 iure

160 1241 317 1306 'defendit
330 1241 518 1309 Morhofius
533 1245 572 1309 de
587 1245 672 1310 Pura
691 1244 833 1311 dictione
854 1269 888 1332 p.
905 1251 980 1312 239.
1004 1257 1036 1312 et
1057 1246 1108 1310 Ka
1134 1247 1211 1334 pius

162 1327 207 1392 ad
222 1327 320 1392 lensii
337 1328 515 1392 Collecton.
532 1353 564 1415 p.
583 1331 632 1394 15.
675 1331 743 1396 Nec
758 1331 896 1396 meliora
918 1329 1030 1396 docuit
1049 1269 1208 1396 Gelldrius

158 1414 195 1478 in
215 1413 310 1478 Caris
328 1423 446 1500 poster.
462 1438 497 1500 p.
514 1417 566 1480 55.
583 1425 614 1476 et
631 1415 664 1478 in
683 1415 808 1481 Iudicio
828 1415 867 1481 de
883 1416 1042 1486 Vindiciis
1060 1416 1116 1488 lut.
1129 1417 1209 1504 ling.

159 1521 198 1585 p.
217 1503 273 1564 73.
301 1521 361 1562 nec
384 1504 458 1562 onte
481 1520 557 1562 eum
583 1499 719 1564 Carolus
744 1501 783 1564 de
809 1503 939 1588 Aquino
966 1502 1000 1566 in
1024 1501 1209 1574 Miscellun.

157 1587 239 1672 pr.
283 1582 325 1646 Et
348 1583 461 1647 mirari
476 1584 570 1664 licat,
592 1586 811 1656 Goerenzium
836 1589 905 1651 non
927 1609 1209 1676 repugnaremus

161 1691 204 1734 ex
220 1667 488 1734 Drakenborchii
505 1672 636 1734 decreto
653 1671 687 1734 in
707 1671 774 1737 Cic.
788 1671 886 1744 houd.
903 1678 934 1754 2,
953 1679 981 1750 1,
999 1679 1030 1746 3.
1052 1674 1208 1738 restitue-

160 1764 254 1853 retur
269 1753 349 1818 illud
364 1754 545 1842 hodieque,
558 1756 658 1854 ⁸quod
683 1756 718 1820 in
744 1757 919 1855 Ciceronis!
933 1757 1044 1845 libris,
1063 1759 1127 1830 uisi
1150 1757 1208 1856 ulai

128 1904 134 1916 “
162 1839 987 2018 ruln{restituturarietur
1006 1841 1208 1999 ..111111

162 2009 287 2076 firmes.
331 2009 384 2073 Ex
408 2008 543 2092 reliquis
564 2009 779 2096 scriptoribus
801 2009 909 2078 latinis
926 2012 1067 2078 Velleius
1090 2023 1121 2077 et
1143 2013 1207 2078 Pli-

164 2097 240 2160 nius
259 2105 290 2160 et
305 2093 357 2157 his
380 2096 579 2164 recentiores
596 2093 729 2180 quidem
753 2106 953 2179 usurparunt
977 2093 1208 2176 hanchiotio-

163 2203 264 2260 nem,
288 2200 384 2265 quarn
405 2181 618 2247 Heumannus
639 2178 679 2242 ad
698 2177 826 2262 Dialog.
850 2177 891 2240 de
909 2180 1039 2243 Caussis
1062 2190 1208 2266 corrupt.

162 2265 252 2415 elloq.
273 2289 306 2364 p.
331 2267 401 2330 198.
424 2275 513 2332 recte
537 2263 614 2333 dicit
637 2261 740 2338 fuisse
763 2262 911 2359 plebeiae
924 2263 1111 2347 latinitatis,
1138 2287 1208 2332 non

156 2360 323 2440 seguntia.
805 2367 814 2386 ”

262 2501 319 2556 cre.
325 2501 403 2553 Verr.
411 2499 437 2566 5,
444 2499 489 2566 25,
496 2497 539 2558 114.
558 2499 748 2576 archipiratam
763 2499 847 2576 ipsum
860 2500 931 2556 uidet
944 2518 1025 2566 nemo,
1039 2503 1071 2554 de
1085 2520 1134 2572 quo
1146 2519 1208 2572 eup-

222 2587 331 2658 plinium
346 2587 413 2640 rami
431 2587 557 2654 oportuit:
580 2584 703 2651 hodieque
718 2599 801 2640 omnes
813 2586 849 2644 sic
865 2586 970 2650 hahent,
989 2614 1023 2624 —
1043 2587 1119 2644 iatum
1142 2587 1230 2666 ο1ιιηι1

228 2689 249 2724 a
263 2670 357 2738 piratis
370 2671 400 2722 oh
416 2671 482 2722 hunc
495 2669 684 2736 archipiratam
703 2670 840 2745 penrniam
856 2671 990 2738 accepisse.
1015 2669 1061 2724 'de
1086 2669 1163 2725 Orat.
1179 2667 1206 2732 1,

165 2753 169 2756 ’
229 2751 274 2812 22,
292 2751 352 2811 lut,
369 2751 430 2806 Iria.
451 2750 575 2816 1‚1r,u‚
599 2750 626 2816 5,
642 2749 670 2816 4,
686 2751 729 2804 14.
747 2750 791 2818 42,
806 2750 850 2816 114,
866 2751 891 2803 2.
908 2753 1021 2812 Sueton.
1035 2753 1101 2809 Tib.
1115 2751 1160 2805 14.
1179 2751 1207 2805 in

171 2877 175 2884 .
211 2880 216 2886 .
232 2837 330 2907 quibus
345 2836 470 2894 omnibus
486 2841 527 2895 eet
539 2843 565 2896 at
580 2836 657 2888 hodie
670 2837 765 2910 etiam,
783 2836 838 2889 und
854 2836 928 2894 heure
940 2839 1016 2896 noch.

265 2939 321 2994 Sed
335 2938 431 3007 Vellei.
445 2939 506 2991 Pat.
519 2935 545 3000 1,
560 2933 587 3000 4,
602 2935 628 2988 ὃ.
645 2929 712 2994 'nam
727 2947 752 2992 et
767 2937 840 2990 lones
859 2963 893 2974 -
910 2938 1092 2998 nobilissimam
1105 2943 1208 3006 portem

233 3027 349 3096 regionis
365 3023 515 3082 maritimae
537 3038 709 3089 occupauere,
727 3039 791 3090 qnae
811 3009 937 3090 hodieque
958 3015 1106 3092 appellatur
1127 3019 1209 3072 ionia.

229 3111 256 3176 1,
271 3109 297 3175 4,
311 3109 337 3162 2.
364 3109 431 3168 airee
453 3111 656 3166 autemnon-es
679 3121 769 3166 earum
789 3107 893 3164 artium
915 3107 1035 3174 hodieque
1052 3106 1209 3175 magnitudo

232 3200 342 3248 ostentat
356 3191 489 3250 maurium.
523 3187 551 3252 2,
567 3187 593 3253 Β,
608 3188 634 3242 3.
659 3191 704 3258 qui
716 3189 848 3261 porticae,
868 3206 933 3258 quae
953 3189 1079 3256 hodieque
1101 3189 1209 3240 celebres

230 3286 306 3342 eunt,
322 3277 424 3334 molitus
439 3283 484 3328 est.
518 3273 591 3336 Plin.
606 3272 679 3326 llirt.
695 3278 751 3325 nat.
766 3272 793 3336 2,
807 3269 851 3335 58,
865 3271 908 3331 59,
929 3273 956 3324 in
971 3273 1055 3346 Ahqdi
1073 3270 1210 3341 gymnasio

229 3379 260 3414 ea
280 3379 313 3414 ea
336 3375 437 3438 caussa!
451 3359 541 3416 colitur
562 3357 696 3424 hodieque.
736 3354 763 3420 8,
787 3353 831 3422 45,
853 3355 896 3408 711.
920 3357 1101 3426 praegrandes
1125 3357 1210 3422 itaque

225 3450 303 3517 suere
320 3451 345 3496 et
360 3445 482 3510 hodieque
496 3440 619 3508 reliquiae
635 3440 756 3510 stirpium
771 3441 876 3492 duruit.
910 3439 954 3504 at,
971 3441 1037 3506 ],1.
1061 3442 1210 3494 intantum

163 3551 166 3561 ·
224 3530 338 3598 fastigii
357 3527 483 3596 dulcuit,
506 3533 535 3586 nt
558 3524 681 3594 hodieque
703 3525 781 3581 ctiam
804 3524 835 3575 in
858 3541 962 3602 magna
987 3533 1065 3596 parte
1087 3522 1209 3592 gentium

229 3613 388 3682 praevaleat.

267 3712 398 3788 Quinctil.
417 3709 460 3776 111,
477 3709 505 3777 1,
520 3707 563 3767 94.
588 3716 647 3770 eunt
670 3709 736 3768 clari
756 3709 880 3778 hodieque
898 3717 924 3766 et
946 3711 992 3780 qui
1012 3708 1073 3760 otim
1092 3703 1210 3760 aomina-

165 3827 168 3832 ·
233 3799 337 3854 huntur.
365 3793 578 3856 auliatenam
599 3793 722 3852 nonnulli
738 3792 805 3850 libri
825 3807 931 3863 quaque.
964 3789 1148 3864 Declamli,
1167 3789 1210 3841 19.

212 3883 324 3936 deinde
343 3883 391 3938 hoo
413 3881 450 3934 sic
469 3879 581 3948 probas,
598 3887 628 3932 nt
643 3895 684 3944 ma
700 3879 825 3948 hodieque
847 3879 945 3934 coneris
966 3877 1084 3945 occidere.
1120 3873 1212 3926 Tacit.

236 3966 330 4018 Germ.
346 3963 373 4018 3.
388 3967 453 4034 qaod
469 3965 498 4016 ia
513 3963 598 4019 Rheni
612 3965 670 4032 ripa
686 3964 763 4016 sitam
778 3963 901 4030 hodieque
916 3960 1042 4014 incolitur.
1076 3957 1129 4013 Sed
1152 3957 1213 4012 cod.
1306 3985 1314 4013 .

235 4049 314 4104 turio.
330 4055 358 4103 et
373 4047 437 4102 edit.
450 4053 506 4102 ret.
522 4048 626 4100 hodie.'
640 4045 749 4115 Dialog.
764 4043 807 4104 34.
832 4061 897 4112 quae
909 4044 1032 4112 hodieque
1048 4061 1105 4096 eum
1128 4041 1214 4093 adrui-

240 4136 339 4190 ratione
350 4133 469 4204 tegimur.
495 4129 551 4184 Sed
565 4131 631 4186 edit.
638 4137 694 4186 ret.
703 4132 786 4198 hurih,
794 4125 942 4184 sodoclis.
951 4143 1020 4182 unua
1027 4127 1103 4182 hodie
1110 4139 1215 4204 quoque.
