<?xml version="1.0" encoding="UTF-8"?>
<!DOCTYPE html PUBLIC "-//W3C//DTD XHTML 1.0 Transitional//EN"
    "http://www.w3.org/TR/xhtml1/DTD/xhtml1-transitional.dtd">
<html xmlns="http://www.w3.org/1999/xhtml" xml:lang="en" lang="en">
 <head>
  <title>
</title>
<meta http-equiv="Content-Type" content="text/html;charset=utf-8" />
  <meta name='ocr-system' content='tesseract 3.04.00' />
  <meta name='ocr-capabilities' content='ocr_page ocr_carea ocr_par ocr_line ocrx_word'/>
</head>
<body>
  <div class='ocr_page' id='page_1' title='image "./ferdinandihandi03handgoog_0117.png"; bbox 0 0 2902 4718; ppageno 0'>
   <div class='ocr_carea' id='block_1_1' title="bbox 286 315 856 388">
    <p class='ocr_par' dir='ltr' id='par_1_1' title="bbox 286 315 856 388">
     <span class='ocr_line' id='line_1_1' title="bbox 286 315 856 388; baseline 0.005 -3"><span class='ocrx_word' id='word_1_1' title='bbox 286 323 358 385; x_wconf 64' lang='lat'><strong>‘110</strong></span> <span class='ocrx_word' id='word_1_2' title='bbox 720 315 723 324; x_wconf 84' lang='lat'>&#39;</span> <span class='ocrx_word' id='word_1_3' title='bbox 766 319 856 388; x_wconf 78' lang='lat' dir='ltr'><strong>IAM.</strong></span> 
     </span>
    </p>
   </div>
   <div class='ocr_carea' id='block_1_2' title="bbox 293 464 1441 649">
    <p class='ocr_par' dir='ltr' id='par_1_2' title="bbox 293 464 1441 649">
     <span class='ocr_line' id='line_1_2' title="bbox 358 464 1441 576; baseline 0.017 -41"><span class='ocrx_word' id='word_1_4' title='bbox 358 470 522 571; x_wconf 59' lang='lat' dir='ltr'><strong>.²·.Hl¹¹⁰</strong></span> <span class='ocrx_word' id='word_1_5' title='bbox 543 469 599 553; x_wconf 79' lang='lat' dir='ltr'><strong>fir,</strong></span> <span class='ocrx_word' id='word_1_6' title='bbox 619 482 657 572; x_wconf 74' lang='lat' dir='ltr'><strong>at</strong></span> <span class='ocrx_word' id='word_1_7' title='bbox 678 471 758 540; x_wconf 84' lang='lat' dir='ltr'><strong>haec</strong></span> <span class='ocrx_word' id='word_1_8' title='bbox 780 475 938 564; x_wconf 78' lang='lat' dir='ltr'><strong>particula</strong></span> <span class='ocrx_word' id='word_1_9' title='bbox 953 479 1128 576; x_wconf 88' lang='lat' dir='ltr'><strong>propriam</strong></span> <span class='ocrx_word' id='word_1_10' title='bbox 1150 480 1260 550; x_wconf 89' lang='lat' dir='ltr'><strong>locum</strong></span> <span class='ocrx_word' id='word_1_11' title='bbox 1282 486 1337 552; x_wconf 86' lang='lat' dir='ltr'><strong>ia·</strong></span> <span class='ocrx_word' id='word_1_12' title='bbox 1438 464 1441 489; x_wconf 71' lang='grc'><strong>’</strong></span> 
     </span>
     <span class='ocr_line' id='line_1_3' title="bbox 293 559 1249 649; baseline 0.01 -25"><span class='ocrx_word' id='word_1_13' title='bbox 293 565 401 626; x_wconf 79' lang='lat' dir='ltr'><strong>ventat</strong></span> <span class='ocrx_word' id='word_1_14' title='bbox 414 579 450 622; x_wconf 87' lang='lat' dir='ltr'><strong>m</strong></span> <span class='ocrx_word' id='word_1_15' title='bbox 465 568 724 644; x_wconf 80' lang='lat' dir='ltr'><strong>saterrogatrone</strong></span> <span class='ocrx_word' id='word_1_16' title='bbox 742 559 782 624; x_wconf 90' lang='lat' dir='ltr'><strong>de</strong></span> <span class='ocrx_word' id='word_1_17' title='bbox 797 583 835 626; x_wconf 91' lang='lat' dir='ltr'><strong>re</strong></span> <span class='ocrx_word' id='word_1_18' title='bbox 850 584 935 649; x_wconf 89' lang='lat' dir='ltr'><strong>pene</strong></span> <span class='ocrx_word' id='word_1_19' title='bbox 950 565 1138 632; x_wconf 86' lang='lat' dir='ltr'><strong>rnoredibili</strong></span> <span class='ocrx_word' id='word_1_20' title='bbox 1152 567 1249 636; x_wconf 85' lang='lat' dir='ltr'><strong>faeta.</strong></span> 
     </span>
    </p>
   </div>
   <div class='ocr_carea' id='block_1_3' title="bbox 291 673 1443 1216">
    <p class='ocr_par' dir='ltr' id='par_1_3' title="bbox 291 673 1443 1216">
     <span class='ocr_line' id='line_1_4' title="bbox 395 673 1443 756; baseline 0.017 -28"><span class='ocrx_word' id='word_1_21' title='bbox 395 673 508 728; x_wconf 81' lang='lat' dir='ltr'><strong>Terent.</strong></span> <span class='ocrx_word' id='word_1_22' title='bbox 521 677 603 746; x_wconf 64' lang='lat' dir='ltr'><strong>Andr.</strong></span> <span class='ocrx_word' id='word_1_23' title='bbox 617 677 642 742; x_wconf 80' lang='grc'>3,</span> <span class='ocrx_word' id='word_1_24' title='bbox 658 677 683 742; x_wconf 94' lang='lat' dir='ltr'><strong>l,</strong></span> <span class='ocrx_word' id='word_1_25' title='bbox 699 677 742 733; x_wconf 83' lang='lat'><strong>16.</strong></span> <span class='ocrx_word' id='word_1_26' title='bbox 769 680 831 746; x_wconf 78' lang='lat' dir='ltr'><strong>lsai,</strong></span> <span class='ocrx_word' id='word_1_27' title='bbox 851 689 907 734; x_wconf 85' lang='lat' dir='ltr'><strong>tam</strong></span> <span class='ocrx_word' id='word_1_28' title='bbox 927 683 1002 736; x_wconf 78' lang='lat' dir='ltr'><strong>aito?</strong></span> <span class='ocrx_word' id='word_1_29' title='bbox 1035 685 1104 739; x_wconf 85' lang='lat' dir='ltr'><strong>Eun.</strong></span> <span class='ocrx_word' id='word_1_30' title='bbox 1120 689 1146 754; x_wconf 80' lang='lat'><strong>2,</strong></span> <span class='ocrx_word' id='word_1_31' title='bbox 1164 689 1190 756; x_wconf 95' lang='lat'><strong>1,</strong></span> <span class='ocrx_word' id='word_1_32' title='bbox 1209 689 1253 744; x_wconf 85' lang='lat' dir='ltr'><strong>lt.</strong></span> <span class='ocrx_word' id='word_1_33' title='bbox 1286 705 1335 744; x_wconf 74' lang='lat' dir='ltr'><strong>nn.</strong></span> <span class='ocrx_word' id='word_1_34' title='bbox 1442 713 1443 722; x_wconf 56' lang='lat'>¹</span> 
     </span>
     <span class='ocr_line' id='line_1_5' title="bbox 362 756 1335 838; baseline 0.014 -22"><span class='ocrx_word' id='word_1_35' title='bbox 362 761 479 816; x_wconf 74' lang='lat' dir='ltr'><strong>Tandem</strong></span> <span class='ocrx_word' id='word_1_36' title='bbox 490 779 541 815; x_wconf 78' lang='lat' dir='ltr'><strong>aaa</strong></span> <span class='ocrx_word' id='word_1_37' title='bbox 557 777 605 831; x_wconf 81' lang='lat' dir='ltr'><strong>ego</strong></span> <span class='ocrx_word' id='word_1_38' title='bbox 623 763 671 814; x_wconf 81' lang='lat' dir='ltr'><strong>itta</strong></span> <span class='ocrx_word' id='word_1_39' title='bbox 685 756 796 830; x_wconf 77' lang='lat' dir='ltr'><strong>aureum,</strong></span> <span class='ocrx_word' id='word_1_40' title='bbox 813 766 838 818; x_wconf 79' lang='lat' dir='ltr'><strong>si</strong></span> <span class='ocrx_word' id='word_1_41' title='bbox 850 763 886 820; x_wconf 79' lang='lat' dir='ltr'><strong>iit</strong></span> <span class='ocrx_word' id='word_1_42' title='bbox 897 785 968 838; x_wconf 85' lang='lat' dir='ltr'><strong>opus,</strong></span> <span class='ocrx_word' id='word_1_43' title='bbox 985 771 1025 822; x_wconf 80' lang='lat' dir='ltr'><strong>nel</strong></span> <span class='ocrx_word' id='word_1_44' title='bbox 1038 777 1119 825; x_wconf 84' lang='lat' dir='ltr'><strong>totum</strong></span> <span class='ocrx_word' id='word_1_45' title='bbox 1133 774 1259 828; x_wconf 80' lang='lat' dir='ltr'><strong>triduam.</strong></span> <span class='ocrx_word' id='word_1_46' title='bbox 1289 792 1335 830; x_wconf 76' lang='lat' dir='ltr'><strong>rs.</strong></span> 
     </span>
     <span class='ocr_line' id='line_1_6' title="bbox 358 845 1415 925; baseline 0.014 -24"><span class='ocrx_word' id='word_1_47' title='bbox 358 847 416 902; x_wconf 79' lang='lat' dir='ltr'><strong>Hui</strong></span> <span class='ocrx_word' id='word_1_48' title='bbox 423 850 432 900; x_wconf 87' lang='lat' dir='ltr'><strong>l</strong></span> <span class='ocrx_word' id='word_1_49' title='bbox 450 848 594 899; x_wconf 81' lang='lat' dir='ltr'><strong>nniversam</strong></span> <span class='ocrx_word' id='word_1_50' title='bbox 607 845 744 900; x_wconf 68' lang='lat' dir='ltr'><strong>uiduam?</strong></span> <span class='ocrx_word' id='word_1_51' title='bbox 759 849 826 914; x_wconf 79' lang='lat' dir='ltr'><strong>vide,</strong></span> <span class='ocrx_word' id='word_1_52' title='bbox 839 851 903 918; x_wconf 75' lang='lat' dir='ltr'><strong>qnid</strong></span> <span class='ocrx_word' id='word_1_53' title='bbox 914 869 1002 922; x_wconf 59' lang='lat' dir='ltr'><strong>agata</strong></span> <span class='ocrx_word' id='word_1_54' title='bbox 1011 855 1113 911; x_wconf 80' lang='lat' dir='ltr'><strong>fleant.</strong></span> <span class='ocrx_word' id='word_1_55' title='bbox 1128 857 1155 924; x_wconf 80' lang='grc'>3,</span> <span class='ocrx_word' id='word_1_56' title='bbox 1169 859 1196 925; x_wconf 74' lang='grc' dir='ltr'>ὅ,</span> <span class='ocrx_word' id='word_1_57' title='bbox 1210 857 1254 912; x_wconf 69' lang='lat'><strong>45.</strong></span> <span class='ocrx_word' id='word_1_58' title='bbox 1272 861 1336 916; x_wconf 69' lang='lat' dir='ltr'><strong>uait</strong></span> <span class='ocrx_word' id='word_1_59' title='bbox 1413 911 1415 916; x_wconf 80' lang='grc'>,</span> 
     </span>
     <span class='ocr_line' id='line_1_7' title="bbox 358 918 1443 1008; baseline 0.014 -23"><span class='ocrx_word' id='word_1_60' title='bbox 358 927 464 990; x_wconf 71' lang='lat' dir='ltr'><strong>euntem</strong></span> <span class='ocrx_word' id='word_1_61' title='bbox 481 930 577 983; x_wconf 71' lang='lat' dir='ltr'><strong>eaesi?</strong></span> <span class='ocrx_word' id='word_1_62' title='bbox 1045 1001 1047 1008; x_wconf 13' lang='grc' dir='ltr'><em>Α</em></span> <span class='ocrx_word' id='word_1_63' title='bbox 1438 918 1443 1000; x_wconf 64' lang='lat' dir='ltr'><strong>l</strong></span> 
     </span>
     <span class='ocr_line' id='line_1_8' title="bbox 375 1040 1333 1124; baseline 0.015 -18"><span class='ocrx_word' id='word_1_64' title='bbox 375 1047 406 1106; x_wconf 84' lang='grc'><strong>8.</strong></span> <span class='ocrx_word' id='word_1_65' title='bbox 437 1040 567 1104; x_wconf 79' lang='lat' dir='ltr'><strong>laoniae</strong></span> <span class='ocrx_word' id='word_1_66' title='bbox 593 1041 745 1124; x_wconf 86' lang='lat' dir='ltr'><strong>inservit,</strong></span> <span class='ocrx_word' id='word_1_67' title='bbox 775 1043 832 1108; x_wconf 90' lang='lat' dir='ltr'><strong>nbi</strong></span> <span class='ocrx_word' id='word_1_68' title='bbox 863 1045 1001 1112; x_wconf 88' lang='lat' dir='ltr'><strong>alienam</strong></span> <span class='ocrx_word' id='word_1_69' title='bbox 1029 1053 1224 1117; x_wconf 87' lang='lat' dir='ltr'><strong>sententiam</strong></span> <span class='ocrx_word' id='word_1_70' title='bbox 1253 1051 1333 1119; x_wconf 83' lang='lat' dir='ltr'><strong>reii-</strong></span> 
     </span>
     <span class='ocr_line' id='line_1_9' title="bbox 291 1125 1397 1216; baseline 0.011 -25"><span class='ocrx_word' id='word_1_71' title='bbox 291 1125 411 1191; x_wconf 87' lang='lat' dir='ltr'><strong>cientes</strong></span> <span class='ocrx_word' id='word_1_72' title='bbox 431 1127 592 1216; x_wconf 72' lang='lat' dir='ltr'><strong>miramur</strong></span> <span class='ocrx_word' id='word_1_73' title='bbox 606 1128 658 1209; x_wconf 92' lang='lat' dir='ltr'><strong>id,</strong></span> <span class='ocrx_word' id='word_1_74' title='bbox 683 1128 774 1214; x_wconf 92' lang='lat' dir='ltr'><strong>quod</strong></span> <span class='ocrx_word' id='word_1_75' title='bbox 793 1129 917 1194; x_wconf 90' lang='lat' dir='ltr'><strong>dictum</strong></span> <span class='ocrx_word' id='word_1_76' title='bbox 934 1144 1015 1199; x_wconf 85' lang='lat' dir='ltr'><strong>erat.</strong></span> <span class='ocrx_word' id='word_1_77' title='bbox 1392 1125 1397 1136; x_wconf 32' lang='lat'><em>¹</em></span> 
     </span>
    </p>
   </div>
   <div class='ocr_carea' id='block_1_4' title="bbox 306 1245 1443 1657">
    <p class='ocr_par' dir='ltr' id='par_1_4' title="bbox 392 1245 1332 1332">
     <span class='ocr_line' id='line_1_10' title="bbox 392 1245 1332 1332; baseline 0.017 -35"><span class='ocrx_word' id='word_1_78' title='bbox 392 1245 503 1332; x_wconf 71' lang='lat' dir='ltr'><strong>Tpr&#39;ent.</strong></span> <span class='ocrx_word' id='word_1_79' title='bbox 526 1247 638 1300; x_wconf 75' lang='lat' dir='ltr'><strong>Pharna.</strong></span> <span class='ocrx_word' id='word_1_80' title='bbox 654 1246 680 1312; x_wconf 78' lang='lat'><strong>2,</strong></span> <span class='ocrx_word' id='word_1_81' title='bbox 695 1247 722 1312; x_wconf 88' lang='lat'><strong>1,</strong></span> <span class='ocrx_word' id='word_1_82' title='bbox 741 1248 784 1303; x_wconf 59' lang='lat'><strong>22.</strong></span> <span class='ocrx_word' id='word_1_83' title='bbox 809 1250 870 1313; x_wconf 74' lang='lat' dir='ltr'><strong>hai,</strong></span> <span class='ocrx_word' id='word_1_84' title='bbox 894 1252 961 1306; x_wconf 77' lang='lat' dir='ltr'><strong>disti</strong></span> <span class='ocrx_word' id='word_1_85' title='bbox 973 1253 1098 1324; x_wconf 75' lang='lat' dir='ltr'><strong>pulchre,</strong></span> <span class='ocrx_word' id='word_1_86' title='bbox 1123 1255 1247 1326; x_wconf 77' lang='lat' dir='ltr'><strong>siquidem</strong></span> <span class='ocrx_word' id='word_1_87' title='bbox 1262 1258 1332 1326; x_wconf 73' lang='lat' dir='ltr'><strong>qute-</strong></span> 
     </span>
    </p>

    <p class='ocr_par' dir='ltr' id='par_1_5' title="bbox 306 1331 1332 1407">
     <span class='ocr_line' id='line_1_11' title="bbox 306 1331 1332 1407; baseline 0.013 -26"><span class='ocrx_word' id='word_1_88' title='bbox 306 1357 311 1368; x_wconf 89' lang='lat'><strong>·</strong></span> <span class='ocrx_word' id='word_1_89' title='bbox 355 1347 434 1400; x_wconf 74' lang='lat' dir='ltr'><strong>qaam</strong></span> <span class='ocrx_word' id='word_1_90' title='bbox 452 1332 565 1383; x_wconf 81' lang='lat' dir='ltr'><strong>crederet</strong></span> <span class='ocrx_word' id='word_1_91' title='bbox 579 1338 605 1384; x_wconf 86' lang='lat' dir='ltr'><strong>te</strong></span> <span class='ocrx_word' id='word_1_92' title='bbox 625 1331 689 1385; x_wconf 82' lang='lat' dir='ltr'><strong>aion.</strong></span> <span class='ocrx_word' id='word_1_93' title='bbox 723 1332 825 1386; x_wconf 82' lang='lat' dir='ltr'><strong>fleant.</strong></span> <span class='ocrx_word' id='word_1_94' title='bbox 848 1334 873 1399; x_wconf 81' lang='lat'><strong>4,</strong></span> <span class='ocrx_word' id='word_1_95' title='bbox 887 1331 914 1397; x_wconf 79' lang='lat'><strong>5,</strong></span> <span class='ocrx_word' id='word_1_96' title='bbox 930 1335 972 1388; x_wconf 77' lang='lat'><strong>28.</strong></span> <span class='ocrx_word' id='word_1_97' title='bbox 990 1338 1053 1403; x_wconf 77' lang='lat' dir='ltr'><strong>hui,</strong></span> <span class='ocrx_word' id='word_1_98' title='bbox 1069 1341 1161 1393; x_wconf 85' lang='lat' dir='ltr'><strong>tardas</strong></span> <span class='ocrx_word' id='word_1_99' title='bbox 1176 1358 1210 1394; x_wconf 81' lang='lat' dir='ltr'><strong>es.</strong></span> <span class='ocrx_word' id='word_1_100' title='bbox 1233 1341 1332 1407; x_wconf 81' lang='lat' dir='ltr'><strong>quibus</strong></span> 
     </span>
    </p>

    <p class='ocr_par' dir='ltr' id='par_1_6' title="bbox 355 1403 1443 1657">
     <span class='ocr_line' id='line_1_12' title="bbox 357 1403 1332 1491; baseline 0.011 -24"><span class='ocrx_word' id='word_1_101' title='bbox 357 1409 449 1467; x_wconf 73' lang='lat' dir='ltr'><strong>verbis</strong></span> <span class='ocrx_word' id='word_1_102' title='bbox 465 1409 551 1482; x_wconf 74' lang='lat' dir='ltr'><strong>Syrna</strong></span> <span class='ocrx_word' id='word_1_103' title='bbox 573 1429 626 1466; x_wconf 88' lang='lat' dir='ltr'><strong>non</strong></span> <span class='ocrx_word' id='word_1_104' title='bbox 650 1414 711 1467; x_wconf 82' lang='lat' dir='ltr'><strong>vult</strong></span> <span class='ocrx_word' id='word_1_105' title='bbox 736 1415 910 1470; x_wconf 77' lang='lat' dir='ltr'><strong>Chremetem</strong></span> <span class='ocrx_word' id='word_1_106' title='bbox 932 1403 1094 1488; x_wconf 69' lang='lat' dir='ltr'><strong>obiurgare,</strong></span> <span class='ocrx_word' id='word_1_107' title='bbox 1114 1425 1185 1491; x_wconf 84' lang='lat' dir='ltr'><strong>qaod</strong></span> <span class='ocrx_word' id='word_1_108' title='bbox 1209 1440 1262 1478; x_wconf 88' lang='lat' dir='ltr'><strong>uon</strong></span> <span class='ocrx_word' id='word_1_109' title='bbox 1283 1425 1332 1478; x_wconf 78' lang='lat' dir='ltr'><strong>tle·</strong></span> 
     </span>
     <span class='ocr_line' id='line_1_13' title="bbox 355 1482 1443 1578; baseline 0.015 -26"><span class='ocrx_word' id='word_1_110' title='bbox 355 1498 412 1567; x_wconf 67' lang='lat' dir='ltr'><strong>nult</strong></span> <span class='ocrx_word' id='word_1_111' title='bbox 425 1515 551 1562; x_wconf 80' lang='lat' dir='ltr'><strong>servant,</strong></span> <span class='ocrx_word' id='word_1_112' title='bbox 571 1482 634 1565; x_wconf 73' lang='lat' dir='ltr'><strong>ssd,</strong></span> <span class='ocrx_word' id='word_1_113' title='bbox 652 1497 764 1578; x_wconf 68' lang='lat' dir='ltr'><strong>athene</strong></span> <span class='ocrx_word' id='word_1_114' title='bbox 782 1498 849 1552; x_wconf 78' lang='lat' dir='ltr'><strong>vidit</strong></span> <span class='ocrx_word' id='word_1_115' title='bbox 870 1500 1068 1569; x_wconf 77' lang='lat' dir='ltr'><strong>calphurnius,</strong></span> <span class='ocrx_word' id='word_1_116' title='bbox 1087 1503 1154 1558; x_wconf 80' lang='lat' dir='ltr'><strong>dicit</strong></span> <span class='ocrx_word' id='word_1_117' title='bbox 1171 1508 1241 1560; x_wconf 81' lang='lat' dir='ltr'><strong>haee</strong></span> <span class='ocrx_word' id='word_1_118' title='bbox 1264 1523 1328 1562; x_wconf 75' lang='lat' dir='ltr'><strong>ver·</strong></span> <span class='ocrx_word' id='word_1_119' title='bbox 1415 1493 1420 1511; x_wconf 24' lang='lat' dir='ltr'>x</span> <span class='ocrx_word' id='word_1_120' title='bbox 1442 1565 1443 1568; x_wconf 76' lang='grc'>,</span> 
     </span>
     <span class='ocr_line' id='line_1_14' title="bbox 355 1581 1443 1657; baseline 0.007 -19"><span class='ocrx_word' id='word_1_121' title='bbox 355 1585 394 1638; x_wconf 82' lang='lat' dir='ltr'><strong>bs</strong></span> <span class='ocrx_word' id='word_1_122' title='bbox 407 1601 469 1638; x_wconf 86' lang='lat' dir='ltr'><strong>eam</strong></span> <span class='ocrx_word' id='word_1_123' title='bbox 485 1583 581 1637; x_wconf 82' lang='lat' dir='ltr'><strong>servili</strong></span> <span class='ocrx_word' id='word_1_124' title='bbox 595 1589 691 1653; x_wconf 58' lang='lat' dir='ltr'><strong>gestu:</strong></span> <span class='ocrx_word' id='word_1_125' title='bbox 718 1583 844 1636; x_wconf 83' lang='lat' dir='ltr'><strong>Editores</strong></span> <span class='ocrx_word' id='word_1_126' title='bbox 859 1585 971 1651; x_wconf 87' lang='lat' dir='ltr'><strong>qnidam</strong></span> <span class='ocrx_word' id='word_1_127' title='bbox 987 1587 1152 1657; x_wconf 80' lang='lat' dir='ltr'><strong>seripserunt</strong></span> <span class='ocrx_word' id='word_1_128' title='bbox 1165 1592 1227 1643; x_wconf 75' lang='lat' dir='ltr'><strong>ank.</strong></span> <span class='ocrx_word' id='word_1_129' title='bbox 1442 1581 1443 1608; x_wconf 64' lang='lat'><em>³</em></span> 
     </span>
    </p>
   </div>
   <div class='ocr_carea' id='block_1_5' title="bbox 281 1693 1443 2208">
    <p class='ocr_par' dir='ltr' id='par_1_7' title="bbox 281 1693 1443 2208">
     <span class='ocr_line' id='line_1_15' title="bbox 367 1693 1326 1782; baseline 0.009 -24"><span class='ocrx_word' id='word_1_130' title='bbox 367 1695 398 1761; x_wconf 86' lang='grc'><strong>4.</strong></span> <span class='ocrx_word' id='word_1_131' title='bbox 424 1694 574 1758; x_wconf 80' lang='lat' dir='ltr'><strong>Donatus</strong></span> <span class='ocrx_word' id='word_1_132' title='bbox 596 1714 700 1782; x_wconf 88' lang='lat' dir='ltr'><strong>quum</strong></span> <span class='ocrx_word' id='word_1_133' title='bbox 726 1695 766 1759; x_wconf 91' lang='lat' dir='ltr'><strong>ad</strong></span> <span class='ocrx_word' id='word_1_134' title='bbox 788 1693 920 1761; x_wconf 82' lang='lat' dir='ltr'><strong>Terent.</strong></span> <span class='ocrx_word' id='word_1_135' title='bbox 940 1693 1024 1761; x_wconf 87' lang='lat' dir='ltr'><strong>Eun.</strong></span> <span class='ocrx_word' id='word_1_136' title='bbox 1040 1699 1072 1781; x_wconf 88' lang='lat'><strong>4,</strong></span> <span class='ocrx_word' id='word_1_137' title='bbox 1089 1703 1120 1782; x_wconf 89' lang='grc'><strong>7,</strong></span> <span class='ocrx_word' id='word_1_138' title='bbox 1144 1702 1195 1766; x_wconf 84' lang='grc'><strong>35.</strong></span> <span class='ocrx_word' id='word_1_139' title='bbox 1219 1709 1326 1767; x_wconf 85' lang='lat' dir='ltr'><strong>anno-</strong></span> 
     </span>
     <span class='ocr_line' id='line_1_16' title="bbox 285 1779 1325 1870; baseline 0.01 -28"><span class='ocrx_word' id='word_1_140' title='bbox 285 1787 402 1847; x_wconf 83' lang='lat' dir='ltr'><strong>tasset:</strong></span> <span class='ocrx_word' id='word_1_141' title='bbox 431 1779 631 1859; x_wconf 76' lang='lat' dir='ltr'><strong>leui,·lrem,</strong></span> <span class='ocrx_word' id='word_1_142' title='bbox 653 1791 686 1847; x_wconf 85' lang='lat' dir='ltr'><strong>et</strong></span> <span class='ocrx_word' id='word_1_143' title='bbox 706 1791 820 1844; x_wconf 83' lang='lat' dir='ltr'><strong>cetera</strong></span> <span class='ocrx_word' id='word_1_144' title='bbox 842 1781 1037 1848; x_wconf 75' lang='lat' dir='ltr'><strong>huiusmodi</strong></span> <span class='ocrx_word' id='word_1_145' title='bbox 1054 1787 1214 1870; x_wconf 80' lang='lat' dir='ltr'><strong>generis,</strong></span> <span class='ocrx_word' id='word_1_146' title='bbox 1240 1811 1325 1852; x_wconf 82' lang='lat' dir='ltr'><strong>san-</strong></span> 
     </span>
     <span class='ocr_line' id='line_1_17' title="bbox 285 1861 1328 1952; baseline 0.009 -22"><span class='ocrx_word' id='word_1_147' title='bbox 285 1877 450 1931; x_wconf 70' lang='lat' dir='ltr'><strong>reuocant</strong></span> <span class='ocrx_word' id='word_1_148' title='bbox 473 1864 634 1930; x_wconf 76' lang='lat' dir='ltr'><strong>adversus</strong></span> <span class='ocrx_word' id='word_1_149' title='bbox 660 1887 732 1940; x_wconf 82' lang='lat' dir='ltr'><strong>eos,</strong></span> <span class='ocrx_word' id='word_1_150' title='bbox 756 1861 872 1952; x_wconf 77' lang='lat' dir='ltr'><strong>quibus</strong></span> <span class='ocrx_word' id='word_1_151' title='bbox 894 1866 1096 1932; x_wconf 84' lang='lat' dir='ltr'><strong>irascimur.-</strong></span> <span class='ocrx_word' id='word_1_152' title='bbox 1145 1874 1328 1940; x_wconf 88' lang='lat' dir='ltr'><strong>rammatici</strong></span> 
     </span>
     <span class='ocr_line' id='line_1_18' title="bbox 284 1895 1327 2038; baseline 0.009 -24"><span class='ocrx_word' id='word_1_153' title='bbox 284 1951 362 2014; x_wconf 87' lang='lat' dir='ltr'><strong>huic</strong></span> <span class='ocrx_word' id='word_1_154' title='bbox 384 1951 564 2038; x_wconf 80' lang='lat' dir='ltr'><strong>particulae</strong></span> <span class='ocrx_word' id='word_1_155' title='bbox 579 1950 765 2014; x_wconf 85' lang='lat' dir='ltr'><strong>tribuerunt</strong></span> <span class='ocrx_word' id='word_1_156' title='bbox 782 1951 848 2014; x_wconf 92' lang='lat' dir='ltr'><strong>vim</strong></span> <span class='ocrx_word' id='word_1_157' title='bbox 869 1953 936 2017; x_wconf 91' lang='lat' dir='ltr'><strong>irae</strong></span> <span class='ocrx_word' id='word_1_158' title='bbox 951 1895 1190 2038; x_wconf 53' lang='lat' dir='ltr'><strong>significanfiae.</strong></span> <span class='ocrx_word' id='word_1_159' title='bbox 1232 1960 1327 2024; x_wconf 80' lang='lat' dir='ltr'><strong>Atta-</strong></span> 
     </span>
     <span class='ocr_line' id='line_1_19' title="bbox 283 2023 1443 2124; baseline 0.009 -23"><span class='ocrx_word' id='word_1_160' title='bbox 283 2058 361 2102; x_wconf 86' lang='lat' dir='ltr'><strong>men</strong></span> <span class='ocrx_word' id='word_1_161' title='bbox 390 2058 471 2124; x_wconf 89' lang='lat' dir='ltr'><strong>quae</strong></span> <span class='ocrx_word' id='word_1_162' title='bbox 496 2036 636 2100; x_wconf 83' lang='lat' dir='ltr'><strong>afferunt</strong></span> <span class='ocrx_word' id='word_1_163' title='bbox 660 2035 830 2122; x_wconf 85' lang='lat' dir='ltr'><strong>exempla,</strong></span> <span class='ocrx_word' id='word_1_164' title='bbox 863 2049 940 2100; x_wconf 85' lang='lat' dir='ltr'><strong>sunt</strong></span> <span class='ocrx_word' id='word_1_165' title='bbox 962 2039 1017 2102; x_wconf 91' lang='lat' dir='ltr'><strong>illa</strong></span> <span class='ocrx_word' id='word_1_166' title='bbox 1039 2040 1221 2124; x_wconf 87' lang='lat' dir='ltr'><strong>Ciceronis,</strong></span> <span class='ocrx_word' id='word_1_167' title='bbox 1268 2065 1327 2112; x_wconf 87' lang='lat' dir='ltr'><strong>uae</strong></span> <span class='ocrx_word' id='word_1_168' title='bbox 1442 2023 1443 2048; x_wconf 15' lang='grc' dir='ltr'><em>Χ</em></span> 
     </span>
     <span class='ocr_line' id='line_1_20' title="bbox 281 2067 1326 2208; baseline 0.006 -21"><span class='ocrx_word' id='word_1_169' title='bbox 281 2133 459 2208; x_wconf 83' lang='lat' dir='ltr'><strong>&#39;nossupra</strong></span> <span class='ocrx_word' id='word_1_170' title='bbox 484 2123 654 2208; x_wconf 81' lang='lat' dir='ltr'><strong>posuimus</strong></span> <span class='ocrx_word' id='word_1_171' title='bbox 679 2132 709 2184; x_wconf 86' lang='lat' dir='ltr'><strong>et</strong></span> <span class='ocrx_word' id='word_1_172' title='bbox 730 2143 769 2184; x_wconf 83' lang='lat' dir='ltr'><strong>ex</strong></span> <span class='ocrx_word' id='word_1_173' title='bbox 794 2119 894 2208; x_wconf 91' lang='lat' dir='ltr'><strong>Epist.</strong></span> <span class='ocrx_word' id='word_1_174' title='bbox 919 2123 958 2186; x_wconf 87' lang='lat' dir='ltr'><strong>ad</strong></span> <span class='ocrx_word' id='word_1_175' title='bbox 982 2126 1046 2187; x_wconf 82' lang='lat' dir='ltr'><strong>Au.</strong></span> <span class='ocrx_word' id='word_1_176' title='bbox 1064 2130 1093 2201; x_wconf 84' lang='lat'><strong>6,</strong></span> <span class='ocrx_word' id='word_1_177' title='bbox 1112 2132 1141 2190; x_wconf 90' lang='grc'><strong>6.</strong></span> <span class='ocrx_word' id='word_1_178' title='bbox 1171 2067 1326 2193; x_wconf 59' lang='lat' dir='ltr'><strong>adelam</strong></span> 
     </span>
    </p>
   </div>
   <div class='ocr_carea' id='block_1_6' title="bbox 212 2203 1443 2352">
    <p class='ocr_par' dir='ltr' id='par_1_8' title="bbox 212 2203 1443 2352">
     <span class='ocr_line' id='line_1_21' title="bbox 212 2203 1443 2352; baseline 0.006 -83"><span class='ocrx_word' id='word_1_179' title='bbox 212 2211 214 2218; x_wconf 80' lang='grc'>’</span> <span class='ocrx_word' id='word_1_180' title='bbox 283 2229 470 2272; x_wconf 84' lang='lat' dir='ltr'><strong>sermones:</strong></span> <span class='ocrx_word' id='word_1_181' title='bbox 492 2207 553 2270; x_wconf 79' lang='lat' dir='ltr'><strong>litii</strong></span> <span class='ocrx_word' id='word_1_182' title='bbox 557 2203 709 2292; x_wconf 79' lang='lat' dir='ltr'><strong>fratrem</strong></span> <span class='ocrx_word' id='word_1_183' title='bbox 722 2205 868 2352; x_wconf 72' lang='lat' dir='ltr'><strong>relrpuit.</strong></span> <span class='ocrx_word' id='word_1_184' title='bbox 890 2205 946 2271; x_wconf 92' lang='lat' dir='ltr'><strong>ubi</strong></span> <span class='ocrx_word' id='word_1_185' title='bbox 965 2211 1196 2274; x_wconf 86' lang='lat' dir='ltr'><strong>tantummodo</strong></span> <span class='ocrx_word' id='word_1_186' title='bbox 1214 2213 1326 2280; x_wconf 89' lang='lat' dir='ltr'><strong>homi·</strong></span> <span class='ocrx_word' id='word_1_187' title='bbox 1442 2235 1443 2246; x_wconf 58' lang='lat'>¹</span> 
     </span>
    </p>
   </div>
   <div class='ocr_carea' id='block_1_7' title="bbox 283 2291 1443 2633">
    <p class='ocr_par' dir='ltr' id='par_1_9' title="bbox 283 2291 1443 2633">
     <span class='ocr_line' id='line_1_22' title="bbox 284 2291 1443 2382; baseline 0.006 -26"><span class='ocrx_word' id='word_1_188' title='bbox 284 2313 342 2357; x_wconf 89' lang='lat' dir='ltr'><strong>nes</strong></span> <span class='ocrx_word' id='word_1_189' title='bbox 359 2293 513 2356; x_wconf 83' lang='lat' dir='ltr'><strong>dicuntur</strong></span> <span class='ocrx_word' id='word_1_190' title='bbox 534 2293 643 2354; x_wconf 88' lang='lat' dir='ltr'><strong>mirati</strong></span> <span class='ocrx_word' id='word_1_191' title='bbox 665 2313 733 2354; x_wconf 81' lang='lat' dir='ltr'><strong>esse</strong></span> <span class='ocrx_word' id='word_1_192' title='bbox 755 2309 791 2353; x_wconf 87' lang='lat' dir='ltr'><strong>ve</strong></span> <span class='ocrx_word' id='word_1_193' title='bbox 827 2311 902 2352; x_wconf 89' lang='lat' dir='ltr'><strong>cum</strong></span> <span class='ocrx_word' id='word_1_194' title='bbox 927 2291 1067 2376; x_wconf 87' lang='lat' dir='ltr'><strong>quadam</strong></span> <span class='ocrx_word' id='word_1_195' title='bbox 1091 2295 1325 2382; x_wconf 72' lang='lat' dir='ltr'><strong>indignatione,</strong></span> <span class='ocrx_word' id='word_1_196' title='bbox 1363 2339 1366 2344; x_wconf 90' lang='lat'><em>·</em></span> <span class='ocrx_word' id='word_1_197' title='bbox 1442 2309 1443 2364; x_wconf 81' lang='lat' dir='ltr'><strong>t</strong></span> 
     </span>
     <span class='ocr_line' id='line_1_23' title="bbox 284 2373 1443 2469; baseline 0.008 -29"><span class='ocrx_word' id='word_1_198' title='bbox 284 2377 335 2442; x_wconf 84' lang='lat' dir='ltr'><strong>rel</strong></span> <span class='ocrx_word' id='word_1_199' title='bbox 359 2397 434 2442; x_wconf 89' lang='lat' dir='ltr'><strong>cum</strong></span> <span class='ocrx_word' id='word_1_200' title='bbox 459 2375 679 2444; x_wconf 83' lang='lat' dir='ltr'><strong>miseratione.</strong></span> <span class='ocrx_word' id='word_1_201' title='bbox 732 2373 878 2438; x_wconf 74' lang='lat' dir='ltr'><strong>&#39;ferentii</strong></span> <span class='ocrx_word' id='word_1_202' title='bbox 908 2383 1017 2438; x_wconf 78' lang='lat' dir='ltr'><strong>atatem</strong></span> <span class='ocrx_word' id='word_1_203' title='bbox 1049 2379 1145 2442; x_wconf 83' lang='lat' dir='ltr'><strong>verba</strong></span> <span class='ocrx_word' id='word_1_204' title='bbox 1176 2383 1325 2469; x_wconf 88' lang='lat' dir='ltr'><strong>loquitur</strong></span> <span class='ocrx_word' id='word_1_205' title='bbox 1442 2413 1443 2432; x_wconf 63' lang='lat' dir='ltr'><strong>t</strong></span> 
     </span>
     <span class='ocr_line' id='line_1_24' title="bbox 285 2457 1443 2544; baseline 0.002 -17"><span class='ocrx_word' id='word_1_206' title='bbox 285 2463 434 2541; x_wconf 84' lang='lat' dir='ltr'><strong>Thraso,</strong></span> <span class='ocrx_word' id='word_1_207' title='bbox 459 2459 704 2538; x_wconf 86' lang='lat' dir='ltr'><strong>obstupefactus</strong></span> <span class='ocrx_word' id='word_1_208' title='bbox 722 2457 762 2521; x_wconf 92' lang='lat' dir='ltr'><strong>de</strong></span> <span class='ocrx_word' id='word_1_209' title='bbox 778 2478 814 2521; x_wconf 86' lang='lat' dir='ltr'><strong>re</strong></span> <span class='ocrx_word' id='word_1_210' title='bbox 835 2459 890 2523; x_wconf 81' lang='lat' dir='ltr'><strong>vix</strong></span> <span class='ocrx_word' id='word_1_211' title='bbox 913 2459 1078 2544; x_wconf 74' lang='lat' dir='ltr'><strong>credibili,</strong></span> <span class='ocrx_word' id='word_1_212' title='bbox 1099 2484 1174 2528; x_wconf 89' lang='lat' dir='ltr'><strong>eum</strong></span> <span class='ocrx_word' id='word_1_213' title='bbox 1196 2466 1324 2536; x_wconf 83' lang='lat' dir='ltr'><strong>irrisio·</strong></span> <span class='ocrx_word' id='word_1_214' title='bbox 1442 2475 1443 2498; x_wconf 67' lang='lat'>¹</span> 
     </span>
     <span class='ocr_line' id='line_1_25' title="bbox 283 2543 956 2633; baseline -0.007 -20"><span class='ocrx_word' id='word_1_215' title='bbox 283 2569 326 2613; x_wconf 87' lang='lat' dir='ltr'><strong>ne</strong></span> <span class='ocrx_word' id='word_1_216' title='bbox 344 2547 498 2633; x_wconf 80' lang='lat' dir='ltr'><strong>quadam.</strong></span> <span class='ocrx_word' id='word_1_217' title='bbox 541 2544 699 2607; x_wconf 81' lang='lat' dir='ltr'><strong>Germani</strong></span> <span class='ocrx_word' id='word_1_218' title='bbox 715 2543 829 2607; x_wconf 85' lang='lat' dir='ltr'><strong>dicunt</strong></span> <span class='ocrx_word' id='word_1_219' title='bbox 845 2544 887 2607; x_wconf 82' lang='grc' dir='ltr'><strong>Ιιο</strong></span> <span class='ocrx_word' id='word_1_220' title='bbox 902 2545 956 2608; x_wconf 86' lang='grc' dir='ltr'><strong>Ιιο.</strong></span> 
     </span>
    </p>
   </div>
   <div class='ocr_carea' id='block_1_8' title="bbox 282 2659 1323 2816">
    <p class='ocr_par' dir='ltr' id='par_1_10' title="bbox 282 2659 1323 2816">
     <span class='ocr_line' id='line_1_26' title="bbox 368 2659 1323 2750; baseline 0.004 -18"><span class='ocrx_word' id='word_1_221' title='bbox 368 2666 399 2732; x_wconf 87' lang='grc'><strong>5.</strong></span> <span class='ocrx_word' id='word_1_222' title='bbox 422 2663 460 2726; x_wconf 90' lang='lat' dir='ltr'><strong>la</strong></span> <span class='ocrx_word' id='word_1_223' title='bbox 483 2659 617 2728; x_wconf 85' lang='lat' dir='ltr'><strong>Terent.</strong></span> <span class='ocrx_word' id='word_1_224' title='bbox 640 2661 773 2726; x_wconf 87' lang='lat' dir='ltr'><strong>Phorm.</strong></span> <span class='ocrx_word' id='word_1_225' title='bbox 790 2666 821 2742; x_wconf 85' lang='lat'><strong>4,</strong></span> <span class='ocrx_word' id='word_1_226' title='bbox 838 2667 870 2740; x_wconf 79' lang='lat' dir='ltr'><strong>s,</strong></span> <span class='ocrx_word' id='word_1_227' title='bbox 888 2664 941 2728; x_wconf 82' lang='grc'><strong>58.</strong></span> <span class='ocrx_word' id='word_1_228' title='bbox 972 2661 1052 2728; x_wconf 89' lang='lat' dir='ltr'><strong>olim</strong></span> <span class='ocrx_word' id='word_1_229' title='bbox 1079 2663 1245 2750; x_wconf 86' lang='lat' dir='ltr'><strong>legebatur</strong></span> <span class='ocrx_word' id='word_1_230' title='bbox 1267 2671 1323 2737; x_wconf 85' lang='lat' dir='ltr'><strong>oi!</strong></span> 
     </span>
     <span class='ocr_line' id='line_1_27' title="bbox 282 2747 1246 2816; baseline -0.001 -1"><span class='ocrx_word' id='word_1_231' title='bbox 282 2749 363 2815; x_wconf 76' lang='lat' dir='ltr'><strong>leui!</strong></span> <span class='ocrx_word' id='word_1_232' title='bbox 403 2747 499 2813; x_wconf 86' lang='lat' dir='ltr'><strong>Nunc</strong></span> <span class='ocrx_word' id='word_1_233' title='bbox 516 2766 595 2816; x_wconf 86' lang='lat' dir='ltr'><strong>vero</strong></span> <span class='ocrx_word' id='word_1_234' title='bbox 612 2769 654 2814; x_wconf 84' lang='lat' dir='ltr'><strong>ex</strong></span> <span class='ocrx_word' id='word_1_235' title='bbox 669 2747 808 2813; x_wconf 81' lang='lat' dir='ltr'><strong>Bentleii</strong></span> <span class='ocrx_word' id='word_1_236' title='bbox 827 2748 1053 2814; x_wconf 82' lang='lat' dir='ltr'><strong>emendatione</strong></span> <span class='ocrx_word' id='word_1_237' title='bbox 1069 2749 1146 2816; x_wconf 87' lang='lat' dir='ltr'><strong>aiei.</strong></span> <span class='ocrx_word' id='word_1_238' title='bbox 1244 2751 1246 2760; x_wconf 82' lang='grc'>’</span> 
     </span>
    </p>
   </div>
   <div class='ocr_carea' id='block_1_9' title="bbox 718 2947 871 3072">
    <p class='ocr_par' dir='ltr' id='par_1_11' title="bbox 718 2947 871 3072">
     <span class='ocr_line' id='line_1_28' title="bbox 718 2947 871 3072; baseline 0 -36"><span class='ocrx_word' id='word_1_239' title='bbox 718 2947 871 3072; x_wconf 77' lang='lat' dir='ltr'><strong>naar.</strong></span> 
     </span>
    </p>
   </div>
   <div class='ocr_carea' id='block_1_10' title="bbox 167 3101 1320 4130">
    <p class='ocr_par' dir='ltr' id='par_1_12' title="bbox 365 3101 1320 3194">
     <span class='ocr_line' id='line_1_29' title="bbox 365 3101 1320 3194; baseline 0.001 -24"><span class='ocrx_word' id='word_1_240' title='bbox 365 3101 491 3189; x_wconf 78' lang='lat' dir='ltr'><strong>Incipio</strong></span> <span class='ocrx_word' id='word_1_241' title='bbox 510 3103 549 3170; x_wconf 90' lang='lat' dir='ltr'><strong>ab</strong></span> <span class='ocrx_word' id='word_1_242' title='bbox 566 3127 626 3186; x_wconf 86' lang='lat' dir='ltr'><strong>co,</strong></span> <span class='ocrx_word' id='word_1_243' title='bbox 647 3103 735 3192; x_wconf 90' lang='lat' dir='ltr'><strong>quod</strong></span> <span class='ocrx_word' id='word_1_244' title='bbox 753 3102 788 3167; x_wconf 90' lang='lat' dir='ltr'><strong>in</strong></span> <span class='ocrx_word' id='word_1_245' title='bbox 803 3104 963 3191; x_wconf 86' lang='lat' dir='ltr'><strong>particula</strong></span> <span class='ocrx_word' id='word_1_246' title='bbox 981 3121 1047 3171; x_wconf 77' lang='lat' dir='ltr'><strong>tntu</strong></span> <span class='ocrx_word' id='word_1_247' title='bbox 1063 3104 1212 3194; x_wconf 89' lang='lat' dir='ltr'><strong>primum</strong></span> <span class='ocrx_word' id='word_1_248' title='bbox 1236 3125 1320 3172; x_wconf 86' lang='lat' dir='ltr'><strong>ocu·</strong></span> 
     </span>
    </p>

    <p class='ocr_par' dir='ltr' id='par_1_13' title="bbox 280 3188 1319 3273">
     <span class='ocr_line' id='line_1_30' title="bbox 280 3188 1319 3273; baseline 0.002 -17"><span class='ocrx_word' id='word_1_249' title='bbox 280 3188 320 3256; x_wconf 87' lang='lat' dir='ltr'><strong>lie</strong></span> <span class='ocrx_word' id='word_1_250' title='bbox 344 3214 378 3256; x_wconf 89' lang='lat' dir='ltr'><strong>se</strong></span> <span class='ocrx_word' id='word_1_251' title='bbox 400 3193 514 3273; x_wconf 88' lang='lat' dir='ltr'><strong>offert,</strong></span> <span class='ocrx_word' id='word_1_252' title='bbox 535 3213 616 3255; x_wconf 90' lang='lat' dir='ltr'><strong>num</strong></span> <span class='ocrx_word' id='word_1_253' title='bbox 642 3191 656 3256; x_wconf 84' lang='lat' dir='ltr'><em>i</em></span> <span class='ocrx_word' id='word_1_254' title='bbox 680 3191 787 3254; x_wconf 88' lang='lat' dir='ltr'><strong>littera</strong></span> <span class='ocrx_word' id='word_1_255' title='bbox 817 3193 1083 3272; x_wconf 85' lang='lat' dir='ltr'><strong>consonans-sit,</strong></span> <span class='ocrx_word' id='word_1_256' title='bbox 1116 3214 1157 3254; x_wconf 91' lang='lat' dir='ltr'><strong>an</strong></span> <span class='ocrx_word' id='word_1_257' title='bbox 1188 3193 1319 3258; x_wconf 86' lang='lat' dir='ltr'><strong>vocalis.</strong></span> 
     </span>
    </p>

    <p class='ocr_par' dir='ltr' id='par_1_14' title="bbox 200 3274 1318 3535">
     <span class='ocr_line' id='line_1_31' title="bbox 200 3274 1318 3364; baseline 0.002 -24"><span class='ocrx_word' id='word_1_258' title='bbox 200 3277 202 3284; x_wconf 77' lang='grc'>’</span> <span class='ocrx_word' id='word_1_259' title='bbox 275 3276 397 3364; x_wconf 64' lang='grc' dir='ltr'><strong>ΙΡοειῑιιο</strong></span> <span class='ocrx_word' id='word_1_260' title='bbox 421 3279 508 3342; x_wconf 90' lang='lat' dir='ltr'><strong>enim</strong></span> <span class='ocrx_word' id='word_1_261' title='bbox 533 3275 606 3342; x_wconf 87' lang='lat' dir='ltr'><strong>iam</strong></span> <span class='ocrx_word' id='word_1_262' title='bbox 638 3285 715 3362; x_wconf 87' lang='lat' dir='ltr'><strong>post</strong></span> <span class='ocrx_word' id='word_1_263' title='bbox 738 3274 884 3341; x_wconf 84' lang='lat' dir='ltr'><strong>vocalem</strong></span> <span class='ocrx_word' id='word_1_264' title='bbox 907 3297 1033 3364; x_wconf 89' lang='lat' dir='ltr'><strong>ponere</strong></span> <span class='ocrx_word' id='word_1_265' title='bbox 1054 3275 1203 3341; x_wconf 86' lang='lat' dir='ltr'><strong>solebant</strong></span> <span class='ocrx_word' id='word_1_266' title='bbox 1226 3277 1318 3342; x_wconf 90' lang='lat' dir='ltr'><strong>nullo</strong></span> 
     </span>
     <span class='ocr_line' id='line_1_32' title="bbox 221 3357 1318 3449; baseline -0.003 -22"><span class='ocrx_word' id='word_1_267' title='bbox 221 3391 227 3404; x_wconf 65' lang='lat'><strong><em>¹</em></strong></span> <span class='ocrx_word' id='word_1_268' title='bbox 279 3357 371 3427; x_wconf 89' lang='lat' dir='ltr'><strong>hiatu</strong></span> <span class='ocrx_word' id='word_1_269' title='bbox 395 3373 527 3449; x_wconf 84' lang='lat' dir='ltr'><strong>aperto,</strong></span> <span class='ocrx_word' id='word_1_270' title='bbox 559 3360 655 3426; x_wconf 88' lang='lat' dir='ltr'><strong>veluti</strong></span> <span class='ocrx_word' id='word_1_271' title='bbox 684 3358 835 3425; x_wconf 87' lang='lat' dir='ltr'><strong>Tibullus</strong></span> <span class='ocrx_word' id='word_1_272' title='bbox 858 3360 941 3426; x_wconf 82' lang='lat' dir='ltr'><strong>dixit</strong></span> <span class='ocrx_word' id='word_1_273' title='bbox 967 3361 1038 3427; x_wconf 76' lang='lat' dir='ltr'><strong>vidi</strong></span> <span class='ocrx_word' id='word_1_274' title='bbox 1062 3362 1135 3426; x_wconf 82' lang='lat' dir='ltr'><strong>iam</strong></span> <span class='ocrx_word' id='word_1_275' title='bbox 1158 3363 1318 3440; x_wconf 79' lang='lat' dir='ltr'><strong>iuvenem,</strong></span> 
     </span>
     <span class='ocr_line' id='line_1_33' title="bbox 280 3446 1317 3535; baseline 0 -23"><span class='ocrx_word' id='word_1_276' title='bbox 280 3458 313 3512; x_wconf 84' lang='lat' dir='ltr'><strong>et</strong></span> <span class='ocrx_word' id='word_1_277' title='bbox 328 3471 424 3535; x_wconf 85' lang='lat' dir='ltr'><strong>saepe</strong></span> <span class='ocrx_word' id='word_1_278' title='bbox 441 3460 473 3514; x_wconf 78' lang='lat' dir='ltr'><strong>et</strong></span> <span class='ocrx_word' id='word_1_279' title='bbox 488 3446 559 3510; x_wconf 84' lang='lat' dir='ltr'><strong>iam</strong></span> <span class='ocrx_word' id='word_1_280' title='bbox 576 3469 638 3534; x_wconf 92' lang='lat' dir='ltr'><strong>pro</strong></span> <span class='ocrx_word' id='word_1_281' title='bbox 655 3446 807 3532; x_wconf 85' lang='lat' dir='ltr'><strong>spondeo</strong></span> <span class='ocrx_word' id='word_1_282' title='bbox 827 3457 1022 3532; x_wconf 89' lang='lat' dir='ltr'><strong>posuerunt.</strong></span> <span class='ocrx_word' id='word_1_283' title='bbox 1064 3446 1179 3534; x_wconf 78' lang='lat' dir='ltr'><strong>Virgil.</strong></span> <span class='ocrx_word' id='word_1_284' title='bbox 1194 3447 1262 3511; x_wconf 89' lang='lat' dir='ltr'><strong>Ecl.</strong></span> <span class='ocrx_word' id='word_1_285' title='bbox 1287 3453 1317 3527; x_wconf 89' lang='lat' dir='ltr'><strong>t,</strong></span> 
     </span>
    </p>

    <p class='ocr_par' dir='ltr' id='par_1_15' title="bbox 167 3531 1317 4043">
     <span class='ocr_line' id='line_1_34' title="bbox 167 3531 1317 3618; baseline -0.005 -19"><span class='ocrx_word' id='word_1_286' title='bbox 167 3569 169 3578; x_wconf 45' lang='lat' dir='ltr'>v</span> <span class='ocrx_word' id='word_1_287' title='bbox 279 3537 333 3599; x_wconf 84' lang='grc'><strong>83.</strong></span> <span class='ocrx_word' id='word_1_288' title='bbox 355 3535 413 3600; x_wconf 92' lang='lat' dir='ltr'><strong>Ge.</strong></span> <span class='ocrx_word' id='word_1_289' title='bbox 437 3540 467 3610; x_wconf 84' lang='lat'><strong>2,</strong></span> <span class='ocrx_word' id='word_1_290' title='bbox 489 3534 563 3598; x_wconf 77' lang='lat'><strong>542.</strong></span> <span class='ocrx_word' id='word_1_291' title='bbox 614 3533 748 3618; x_wconf 86' lang='lat' dir='ltr'><strong>Saepius</strong></span> <span class='ocrx_word' id='word_1_292' title='bbox 787 3541 914 3614; x_wconf 90' lang='lat' dir='ltr'><strong>tamen,</strong></span> <span class='ocrx_word' id='word_1_293' title='bbox 949 3533 1016 3613; x_wconf 87' lang='lat' dir='ltr'><strong>vel,</strong></span> <span class='ocrx_word' id='word_1_294' title='bbox 1051 3542 1088 3596; x_wconf 87' lang='lat' dir='ltr'><strong>ut</strong></span> <span class='ocrx_word' id='word_1_295' title='bbox 1120 3531 1252 3617; x_wconf 85' lang='lat' dir='ltr'><strong>Lingius</strong></span> <span class='ocrx_word' id='word_1_296' title='bbox 1281 3532 1317 3594; x_wconf 88' lang='lat' dir='ltr'><strong>in</strong></span> 
     </span>
     <span class='ocr_line' id='line_1_35' title="bbox 280 3615 1316 3703; baseline -0.004 -21"><span class='ocrx_word' id='word_1_297' title='bbox 280 3621 414 3700; x_wconf 83' lang='lat' dir='ltr'><strong>Quaest.</strong></span> <span class='ocrx_word' id='word_1_298' title='bbox 430 3617 532 3684; x_wconf 84' lang='lat' dir='ltr'><strong>Plaut.</strong></span> <span class='ocrx_word' id='word_1_299' title='bbox 556 3639 588 3703; x_wconf 86' lang='lat' dir='ltr'><strong>p.</strong></span> <span class='ocrx_word' id='word_1_300' title='bbox 606 3621 658 3681; x_wconf 81' lang='lat'><strong>63.</strong></span> <span class='ocrx_word' id='word_1_301' title='bbox 679 3615 841 3698; x_wconf 83' lang='lat' dir='ltr'><strong>affirmat,</strong></span> <span class='ocrx_word' id='word_1_302' title='bbox 861 3641 928 3683; x_wconf 89' lang='lat' dir='ltr'><strong>sem</strong></span> <span class='ocrx_word' id='word_1_303' title='bbox 957 3641 992 3683; x_wconf 86' lang='lat' dir='ltr'><strong>er</strong></span> <span class='ocrx_word' id='word_1_304' title='bbox 1008 3639 1097 3682; x_wconf 77' lang='lat' dir='ltr'><strong>utino</strong></span> <span class='ocrx_word' id='word_1_305' title='bbox 1114 3616 1188 3680; x_wconf 82' lang='lat' dir='ltr'><strong>iam</strong></span> <span class='ocrx_word' id='word_1_306' title='bbox 1211 3615 1316 3679; x_wconf 85' lang='lat' dir='ltr'><strong>tribus</strong></span> 
     </span>
     <span class='ocr_line' id='line_1_36' title="bbox 277 3641 1315 3853; baseline -0.004 -1"><span class='ocrx_word' id='word_1_307' title='bbox 277 3703 412 3853; x_wconf 66' lang='lat' dir='ltr'><strong>alr</strong></span> <span class='ocrx_word' id='word_1_308' title='bbox 438 3641 1315 3852; x_wconf 40' lang='lat' dir='ltr'><strong>”tractataealaraitera</strong></span> 
     </span>
     <span class='ocr_line' id='line_1_37' title="bbox 280 3807 1315 3962; baseline -0.004 -24"><span class='ocrx_word' id='word_1_309' title='bbox 280 3810 492 3938; x_wconf 43' lang='lat' dir='ltr'><strong>nd⁸Tenrge⁰ntf</strong></span> <span class='ocrx_word' id='word_1_310' title='bbox 503 3831 606 3936; x_wconf 79' lang='lat' dir='ltr'><strong>Andr.</strong></span> <span class='ocrx_word' id='word_1_311' title='bbox 633 3877 668 3952; x_wconf 88' lang='lat'><strong>1,</strong></span> <span class='ocrx_word' id='word_1_312' title='bbox 690 3874 814 3948; x_wconf 77' lang='lat' dir='ltr'><strong>t,144.</strong></span> <span class='ocrx_word' id='word_1_313' title='bbox 836 3893 895 3934; x_wconf 89' lang='lat' dir='ltr'><strong>neo</strong></span> <span class='ocrx_word' id='word_1_314' title='bbox 920 3807 1210 3962; x_wconf 68' lang='lat' dir='ltr'><strong>desuntpcxempla</strong></span> <span class='ocrx_word' id='word_1_315' title='bbox 1233 3833 1315 3934; x_wconf 72' lang='lat' dir='ltr'><strong>sim·⁸</strong></span> 
     </span>
     <span class='ocr_line' id='line_1_38' title="bbox 276 3954 1313 4043; baseline 0.001 -24"><span class='ocrx_word' id='word_1_316' title='bbox 276 3956 372 4043; x_wconf 84' lang='lat' dir='ltr'><strong>plicis</strong></span> <span class='ocrx_word' id='word_1_317' title='bbox 395 3958 468 4023; x_wconf 85' lang='lat' dir='ltr'><strong>iam</strong></span> <span class='ocrx_word' id='word_1_318' title='bbox 488 3955 650 4042; x_wconf 88' lang='lat' dir='ltr'><strong>bisyllabi.</strong></span> <span class='ocrx_word' id='word_1_319' title='bbox 698 3956 757 4020; x_wconf 85' lang='lat' dir='ltr'><strong>Vd.</strong></span> <span class='ocrx_word' id='word_1_320' title='bbox 781 3957 884 4020; x_wconf 87' lang='lat' dir='ltr'><strong>Plaut.</strong></span> <span class='ocrx_word' id='word_1_321' title='bbox 901 3955 1008 4022; x_wconf 74' lang='lat' dir='ltr'><strong>Most:</strong></span> <span class='ocrx_word' id='word_1_322' title='bbox 1023 3962 1051 4030; x_wconf 90' lang='lat'><strong>1,</strong></span> <span class='ocrx_word' id='word_1_323' title='bbox 1075 3957 1107 4030; x_wconf 81' lang='lat'><strong>4,</strong></span> <span class='ocrx_word' id='word_1_324' title='bbox 1131 3958 1183 4018; x_wconf 79' lang='lat'><strong>24.</strong></span> <span class='ocrx_word' id='word_1_325' title='bbox 1226 3954 1313 4020; x_wconf 89' lang='lat' dir='ltr'><strong>Nam</strong></span> 
     </span>
    </p>

    <p class='ocr_par' dir='ltr' id='par_1_16' title="bbox 185 4035 1314 4130">
     <span class='ocr_line' id='line_1_39' title="bbox 185 4035 1314 4130; baseline -0.002 -23"><span class='ocrx_word' id='word_1_326' title='bbox 185 4035 203 4116; x_wconf 49' lang='lat'><strong>„⁴</strong></span> <span class='ocrx_word' id='word_1_327' title='bbox 279 4063 381 4130; x_wconf 88' lang='lat' dir='ltr'><strong>quum</strong></span> <span class='ocrx_word' id='word_1_328' title='bbox 399 4042 640 4130; x_wconf 82' lang='lat' dir='ltr'><strong>antiquissimae</strong></span> <span class='ocrx_word' id='word_1_329' title='bbox 655 4041 782 4128; x_wconf 86' lang='lat' dir='ltr'><strong>linguae</strong></span> <span class='ocrx_word' id='word_1_330' title='bbox 798 4063 862 4104; x_wconf 89' lang='lat' dir='ltr'><strong>una</strong></span> <span class='ocrx_word' id='word_1_331' title='bbox 876 4040 982 4105; x_wconf 88' lang='lat' dir='ltr'><strong>littera</strong></span> <span class='ocrx_word' id='word_1_332' title='bbox 1001 4039 1158 4118; x_wconf 77' lang='lat' dir='ltr'><strong>linisset,</strong></span> <span class='ocrx_word' id='word_1_333' title='bbox 1178 4035 1248 4105; x_wconf 84' lang='lat' dir='ltr'><strong>fleri</strong></span> <span class='ocrx_word' id='word_1_334' title='bbox 1264 4051 1314 4105; x_wconf 81' lang='lat' dir='ltr'><strong>ta-</strong></span> 
     </span>
    </p>
   </div>
   <div class='ocr_carea' id='block_1_11' title="bbox 277 4039 1443 4216">
    <p class='ocr_par' dir='ltr' id='par_1_17' title="bbox 277 4039 1443 4216">
     <span class='ocr_line' id='line_1_40' title="bbox 1442 4039 1443 4090; baseline 0 0"><span class='ocrx_word' id='word_1_335' title='bbox 1442 4039 1443 4090; x_wconf 89' lang='lat' dir='ltr'><strong>l</strong></span> 
     </span>
     <span class='ocr_line' id='line_1_41' title="bbox 277 4122 1443 4216; baseline -0.003 -22"><span class='ocrx_word' id='word_1_336' title='bbox 277 4149 355 4194; x_wconf 83' lang='lat' dir='ltr'><strong>men</strong></span> <span class='ocrx_word' id='word_1_337' title='bbox 370 4139 519 4216; x_wconf 86' lang='lat' dir='ltr'><strong>poterat,</strong></span> <span class='ocrx_word' id='word_1_338' title='bbox 536 4138 573 4191; x_wconf 84' lang='lat' dir='ltr'><strong>nt</strong></span> <span class='ocrx_word' id='word_1_339' title='bbox 587 4126 751 4212; x_wconf 88' lang='lat' dir='ltr'><strong>obliquata</strong></span> <span class='ocrx_word' id='word_1_340' title='bbox 761 4125 1029 4214; x_wconf 83' lang='lat' dir='ltr'><strong>pronuntiatione</strong></span> <span class='ocrx_word' id='word_1_341' title='bbox 1044 4122 1164 4190; x_wconf 85' lang='lat' dir='ltr'><strong>vocalis</strong></span> <span class='ocrx_word' id='word_1_342' title='bbox 1182 4123 1216 4189; x_wconf 90' lang='lat' dir='ltr'><strong>in</strong></span> <span class='ocrx_word' id='word_1_343' title='bbox 1232 4145 1314 4192; x_wconf 89' lang='lat' dir='ltr'><strong>oon·</strong></span> <span class='ocrx_word' id='word_1_344' title='bbox 1355 4143 1360 4150; x_wconf 83' lang='lat'>·</span> <span class='ocrx_word' id='word_1_345' title='bbox 1442 4135 1443 4176; x_wconf 67' lang='lat' dir='ltr'><strong>t</strong></span> 
     </span>
    </p>
   </div>
   <div class='ocr_carea' id='block_1_12' title="bbox 0 0 1456 4718">
    <p class='ocr_par' dir='ltr' id='par_1_18' title="bbox 0 0 1456 4718">
     <span class='ocr_line' id='line_1_42' title="bbox 0 0 1456 4718; baseline 0 4"><span class='ocrx_word' id='word_1_346' title='bbox 0 0 1456 4718; x_wconf 95' lang='lat' dir='ltr'><strong> </strong></span> 
     </span>
    </p>
   </div>
   <div class='ocr_carea' id='block_1_13' title="bbox 1440 4513 1443 4671">
    <p class='ocr_par' dir='ltr' id='par_1_19' title="bbox 1440 4513 1443 4671">
     <span class='ocr_line' id='line_1_43' title="bbox 1440 4513 1443 4671; baseline 0 0"><span class='ocrx_word' id='word_1_347' title='bbox 1440 4513 1443 4671; x_wconf 88' lang='lat' dir='ltr'><strong>l</strong></span> 
     </span>
    </p>
   </div>
  </div>
 </body>
</html>
