2856 4722
550 328 749 420 insaniit.
1117 355 1177 436 ιιι

129 510 213 572 bnis:
238 506 377 571 interim
394 493 447 570 tei
462 518 614 571 euentum
632 509 782 594 experiri
797 520 829 573 et
846 519 965 574 austra
980 505 1180 598 defendere.-

129 593 270 658 eTaeiti
288 591 483 656 Annalibus:
507 615 543 658 se
555 590 670 680 fidem
685 594 843 675 interim,
866 594 973 660 donec
997 596 1068 659 vita
1092 616 1178 680 sup-

122 679 276 766 peditet,
298 689 504 749 retenturos,
530 690 562 742 et
580 677 641 743 alia
654 678 754 744 ⁴huius
769 681 909 768 generis.
952 681 1077 745 Plinius
1096 681 1178 744 adeo

126 765 257 850 scripsit
286 765 381 828 omni
411 764 549 836 interim
566 776 742 851 ,tempore
794 765 922 836 Scilicet
945 765 1177 840 difficillimum

90 849 94 858 '
124 873 222 938 saepe
236 850 492 937 eritexplicatu,
516 860 628 914 utrum
649 874 700 914 res
722 852 851 928 brevius
873 875 912 916 an
934 852 1066 940 longius
1090 861 1175 914 tem-

124 938 217 1025 poris
234 937 376 1028 spatium
390 925 645 1022 conaplectatura
667 936 763 1000 sicuti
777 937 997 1016 Doederlinus
1012 946 1177 1002 monstrat
1262 966 1267 980 ·

39 1069 44 1080 2
124 1026 295 1110 negotium
313 1033 498 1086 castrorum
516 1021 751 1108 ponendorum
768 1046 837 1088 esse
850 1046 951 1111 posse
967 1034 998 1088 et
1021 1023 1119 1088 breve
1142 1032 1175 1087 et

123 1108 275 1197 longum.
319 1108 362 1170 Et
377 1129 418 1170 ne
435 1107 467 1170 id
486 1106 618 1192 quidem
643 1107 720 1174 huie
746 1110 817 1174 viro
844 1120 892 1173 est
914 1109 1174 1186 concedendum,
1250 1127 1254 1134 ’

14 1238 18 1244 ,
121 1195 156 1259 in
185 1193 340 1282 negativis
369 1194 538 1260 sententiis
563 1194 683 1278 ubique
708 1196 788 1292 poni
812 1195 955 1259 interea.
996 1196 1175 1264 Leuiturnc

121 1280 208 1366 apud
233 1279 444 1343 Sallustium:
473 1300 589 1364 neque
610 1280 749 1343 interim
780 1281 979 1368 cuiusquam
1011 1263 1173 1430 bonisn-

122 1388 217 1429 mam
231 1363 396 1438 laedere?
431 1364 499 1428 Nec
515 1366 719 1450 germanicae
734 1365 864 1454 linguae
881 1366 1038 1430 vocabula
1055 1369 1090 1431 in
1119 1389 1174 1431 es-

121 1475 182 1522 sera
198 1461 230 1516 et
245 1449 463 1514 unterdesaen
475 1451 591 1514 idonea
603 1451 761 1536 praebent
778 1453 947 1540 analogiae
962 1453 1173 1533 documenta,
1197 1533 1199 1537 ι

121 1537 244 1630 quippe
263 1557 343 1621 quae
368 1534 503 1600 diversis
525 1538 825 1624 praepositionibus
849 1538 1015 1602 diversum
1039 1560 1173 1604 sensum

121 1624 322 1708 exprimant.
377 1621 471 1700 Quae
495 1643 598 1709 quum
625 1624 667 1685 ita
692 1623 775 1705 sint,
808 1646 849 1688 ne
873 1623 965 1688 falsis
989 1628 1196 1712 praeceptis

119 1729 218 1772 usum
252 1727 481 1785 coerceamus,
528 1707 747 1792 agnoscimus
769 1709 804 1771 in
840 1709 978 1792 iuterim
1012 1712 1173 1774 unitatem

121 1793 305 1881 temporis,
331 1813 395 1878 qua
421 1791 504 1856 duae
530 1815 581 1855 ies
603 1794 833 1873 continentur,
856 1794 921 1858 hoa
945 1793 1013 1873 eit,
1036 1797 1174 1866 alteram

121 1885 197 1944 reid
213 1881 246 1942 in
263 1879 349 1943 idem
366 1889 496 1965 tempus
513 1878 656 1941 incidere
665 1927 674 1958 ,
698 1878 731 1940 in
748 1901 816 1965 quo
833 1881 931 1944 altera
948 1878 1065 1966 agitur.
1108 1880 1173 1948 In-

122 1976 218 2030 terea
234 1974 342 2028 antem
366 1963 447 2026 ditas
473 1986 527 2026 res
548 1963 723 2050 componit
746 1985 813 2026 uno
837 1966 868 2028 in
890 1975 1043 2051 tempore
1065 1989 1170 2053 appa-

119 2063 241 2115 rentes.
286 2048 348 2113 Sed
366 2047 461 2112 facile
477 2047 549 2112 fieri
565 2059 685 2134 potest,
709 2059 746 2126 ut
763 2048 841 2112 haec
859 2071 971 2114 rerum
988 2052 1072 2116 ratio
1096 2073 1173 2114 cnm

119 2136 177 2200 illa
192 2136 354 2222 temporis
379 2135 763 2211 rationecommutetni·,
789 2157 895 2220 neque
917 2157 1076 2220 umquam
1102 2137 1175 2200 vul-

109 2223 208 2307 'garis
225 2243 301 2284 usus
317 2219 503 2283 discrimina
520 2221 676 2294 servavit,
698 2221 753 2301 sed
773 2222 959 2307 promiscue
976 2221 1055 2285 haec
1073 2242 1174 2286 vocu-

121 2309 198 2372 bula
214 2308 252 2370 ad
272 2328 371 2369 tinam
388 2307 561 2383 notionem
586 2307 748 2392 temporis
772 2307 958 2409 compiunis
981 2307 1174 2395 exprimen-

22 2389 28 2410 ‘
86 2467 90 2476 ⁵
115 2393 195 2457 'dam
218 2392 378 2456 adhibuit.
444 2398 447 2404 '

144 2569 148 2576 ,
206 2508 238 2566 1.’
268 2502 418 2566 Primum
447 2499 548 2585 igitui
578 2498 718 2561 interim
749 2467 926 2584 significat,
963 2499 1173 2566 hocfeodem

119 2598 286 2678 tempore2
302 2589 334 2650 in
352 2609 417 2674 quo
435 2583 558 2671 aliquid
573 2581 620 2662 lit,
637 2583 724 2648 aliud
741 2582 825 2649 fieri.
868 2585 1041 2654 lnt'erdum
1061 2597 1172 2674 potest

120 2673 225 2761 accipi
242 2695 303 2760 pro
323 2673 413 2737 iuter
429 2672 523 2736 haec.

233 2793 326 2847 Plaut.
341 2792 417 2846 Διίιι.
430 2789 457 2857 4,
472 2791 499 2856 1,
514 2788 559 2844 54.
585 2809 632 2844 uec
651 2798 737 2845 mater
758 2792 818 2844 ῑιιιιι
833 2791 870 2844 ad
890 2791 977 2844 viauia
1002 2794 1107 2846 accedat
1128 2791 1173 2842 ia-

189 2881 276 2932 terim.
293 2877 313 2930 i.
330 2894 355 2930 e.
375 2879 429 2928 hoo
451 2884 589 2944 tempore,
609 2895 663 2948 quo
684 2867 879 2945 compotemus.
912 2875 971 2930 (lic.
993 2876 1027 2927 de
1053 2877 1129 2930 urat.
1144 2875 1172 2940 2,

188 2960 233 3026 86,
248 2961 309 3014 353.
326 2963 374 3014 doc
388 2961 489 3012 iuterim
504 2963 590 3028 spatio
605 2963 720 3014 conchae
741 2962 824 3024 illud,
841 2961 885 3012 att
899 2961 1050 3030 epularetur
1067 2963 1173 3038 Scopas,

162 3051 171 3071 l
189 3048 335 3121 caecidisse.
369 3045 461 3098 Plana.
476 3044 576 3097 Pseud.
591 3043 622 3126 2,
637 3045 663 3108 ὃ,
679 3043 722 3096 19.
740 3052 810 3098 certa
827 3039 985 3108 amittimus,
1007 3047 1068 3098 dum
1086 3047 1173 3118 iacer7

189 3131 360 3200 tapetium,
379 3138 457 3198 atque
472 3131 519 3182 lice
536 3131 656 3186 aneta
679 3131 766 3182 latore
788 3136 865 3202 atque
887 3130 1034 3192 indolere,
1055 3138 1083 3181 ut
1104 3146 1178 3182 ruore·
1209 3175 1212 3190 ,

192 3215 300 3282 obrepat
319 3200 431 3267 iuterim.
466 3213 520 3265 Sed
538 3215 582 3265 vd.
597 3232 625 3268 ιι.
640 3205 670 3267 Si
702 3215 778 3266 Cart.
790 3209 817 3276 4,
828 3211 875 3276 15,
891 3210 916 3264 9.
943 3212 1046 3266 tutata
1066 3214 1174 3266 barbari

190 3298 379 3368 impedimenta
397 3299 587 3354 turbauerant„
613 3296 640 3363 4,
657 3298 701 3364 15,
716 3295 743 3350 4.
762 3297 916 3351 ΡΗιι.”Ηίιῑ.
933 3315 959 3349 ιι.
975 3294 1018 3361 113
1035 3296 1077 3361 19,
1092 3296 1137 3361 30,
1147 3297 1173 3349 ‘1-

192 3399 299 3450 eamque
326 3383 395 3438 amai
422 3384 526 3436 interim
559 3391 672 3458 tempore
703 3385 821 3435 edomari
849 3379 1018 3461 meditatione
1046 3383 1174 3436 curvandi

119 3461 123 3472 '
192 3465 304 3534 (iubet).

226 3567 433 3635 Placentini,
449 3567 475 3633 4,
491 3569 535 3622 28.
555 3569 599 3622 iio
618 3567 702 3638 igitur
721 3565 806 3621 latro.-
830 3575 861 3620 tu
883 3569 925 3622 laio
948 3575 1012 3621 aute
1033 3567 1107 3620 aedis
1129 3567 1173 3619 iu-

189 3655 266 3707 terim
281 3655 421 3722 speculare.
457 3655 539 3707 Poen.
556 3653 582 3718 1,
594 3652 621 3717 3,
638 3651 682 3706 15.
700 3653 724 3719 i,
745 3655 935 3727 adducetestee
947 3660 1044 3706 tecum:
1065 3668 1115 3720 ega
1130 3651 1173 3702 ia·
1278 3663 1281 3668 ·

189 3745 233 3791 tus
251 3739 351 3790 interim
367 3739 423 3792 iam
438 3746 465 3814 et
477 3738 638 3808 neomeniis
653 3735 716 3795 ineis
730 3744 756 3794 et
770 3737 943 3807 sycophantiis
958 3740 1032 3791 tuum
1046 3731 1174 3800 mumulo

190 3823 314 3876 uillicum.

190 3913 195 3923 ⁵
228 3923 345 3991 Quintil.
366 3922 493 3989 1‚12‚6.
518 3923 695 4000 grammatico
711 3925 761 3978 soli
782 3923 977 3978 deserviamus?
1000 3923 1091 3976 deinde
1110 3905 1175 3992 g'eo-
1218 3911 1219 3915 ¹

193 4017 291 4063 nutrite
306 4009 430 4068 tautane-t
446 4009 596 4062 omittamus
619 4009 739 4077 interim,
756 4011 825 4078 quod
839 4007 996 4060 didicimus?
1013 4005 1031 4058 i.
1047 4024 1072 4058 e.
1096 4009 1176 4060 callen

185 4095 242 4147 ‚atr
259 4095 317 4146 dem
337 4094 468 4146 Geometen
487 4111 537 4146 aas
559 4093 686 4163 trigenta
701 4097 755 4148 aad
776 4096 893 4147 indeseea
909 4093 1061 4153 uateuettet
1084 4093 1177 4156 laem,
1263 4094 1265 4100 '

194 4197 251 4234 uae
265 4179 314 4232 uit
330 4177 459 4248 getemt?
490 4178 535 4244 ll,
550 4177 576 4247 1,
590 4177 634 4234 54.
650 4197 700 4250 quo
712 4179 820 4250 sugerit
835 4176 940 4230 iatwiat
952 4178 1025 4232 dolor
1037 4163 1101 4232 ille?
