2846 4724
258 347 323 416 804
350 377 353 385 <
390 357 391 364 ’
752 341 812 409 ΙΝ.

251 540 256 551 ·
342 504 374 566 t.
400 497 588 566 Gronovius
603 497 638 564 in
653 496 793 564 Diatrib.
808 519 841 584 p.
859 501 932 574 837.
953 497 1055 588 (520.)
1075 500 1114 566 in
1130 523 1195 590 pro
1214 523 1317 590 super
1407 563 1408 566 ,

259 587 412 675 usurpari
426 586 633 650 demonstrat
646 583 743 648 uariis
767 583 949 671 exemplis,
969 607 1030 651 nea
1053 609 1070 650 a
1098 588 1150 652 tis.
1185 587 1317 655 'Statius

262 675 352 741 enim
369 687 477 759 quum
486 670 594 736 Theb.
612 674 727 749 6,270.
743 667 839 734 dicit:
860 670 993 756 primus
1011 609 1232 738 andilantem‘
1250 673 1318 738 du-

213 824 216 834 ,
260 783 301 826 ro
319 758 519 846 Tirynthius
543 778 677 845 angens
723 755 845 820 ectoris
872 758 996 821 attritu
1019 779 1083 822 arta
1107 755 1256 846 frangit
1279 761 1318 824 in

260 868 341 911 ossa
363 844 503 910 leonem.
532 863 603 906 non
625 779 779 929 inteiligit
806 863 879 904 osea
907 842 1075 923 Herculis,
1109 845 1165 908 sed
1200 847 1318 928 leonis,

235 941 239 950 '
261 931 318 1020 qui
334 927 498 1016 frangitur
514 928 549 992 in
565 950 623 993 sua
641 931 736 1006 ossa‚'
756 926 888 1012 quando
906 947 948 992 ex
965 939 1104 1014 utraque
1126 941 1221 1018 parte
1245 954 1327 1003 ossa,

261 1016 539 1104 comprimuntur.
581 1013 690 1080 Theb.
718 1015 758 1093 5,
777 1016 851 1078 672.
891 1037 981 1078 anne
1005 1013 1125 1079 danem
1151 1017 1319 1082 servatri-

262 1115 398 1201 cemque
419 1100 566 1165 cohortis
594 1135 639 1148 —
669 1098 776 1164 audes
799 1110 958 1188 mactare
979 1099 1015 1164 in
1040 1102 1196 1166 tumulos.
1247 1103 1319 1168 Hoc

262 1199 312 1254 est
337 1211 370 1251 rn
394 1186 541 1251 tumulos
570 1184 720 1273 piandos.
762 1182 826 1248 Pro
853 1194 914 1249 ert.
939 1187 1035 1267 4,,6,
1056 1187 1108 1250 55.
1127 1189 1318 1273 pharetrae

256 1272 396 1374 pondus
413 1271 579 1337 consumit
594 1271 631 1336 in
647 1293 760 1335 arcus.
839 1293 914 1334 emo
939 1292 1027 1334 nune
1044 1293 1120 1334 cum
1143 1259 1316 1339 Gronovio

262 1355 649 1445 1nteltigetimponendo'
664 1357 699 1419 in
724 1377 836 1437 arcus,
858 1350 914 1420 se‘d
940 1378 1012 1422 com
1042 1357 1318 1446 arabitgraeaum

138 1444 140 1452 ’
226 1489 232 1510 .
264 1441 557 1518 taratantara...
590 1440 999 1510 Marklandusrevoaata
1047 1443 1317 1526 Lucan.9,160.

263 1553 363 1596 saner
379 1530 417 1596 in
440 1527 564 1614 Magni
586 1527 714 1591 cineres
737 1525 948 1592 mactabitur
962 1528 1063 1614 Apis.
1095 1529 1186 1615 quod
1212 1541 1260 1595 est
1284 1532 1319 1596 in

264 1616 428 1681 honorem
455 1612 586 1700 Magni,
618 1613 790 1677 cineribus.
820 1613 885 1677 vid.
908 1636 943 1678 5.
962 1619 1014 1678 26.
1060 1615 1124 1678 Sed
1147 1627 1234 1682 recte
1258 1617 1320 1681 tri·

267 1701 400 1765 buimus
419 1697 658 1786 praepositioni
672 1697 941 1784 significationem
966 1710 1075 1764 motus
1093 1700 1248 1765 deorsum
1269 1701 1321 1767 fa-

266 1789 330 1869 eti,
378 1807 451 1848 uem
473 1785 632 1850 Germani
650 1785 842 1872 exprimunt
862 1783 1082 1850 darriberlzin.
1127 1787 1180 1850 sto
1197 1786 1321 1853 cadere

209 1887 212 1896 '
266 1873 304 1938 in
334 1808 485 1958 uiiqaid,
506 1867 716 1934 incumbere
743 1867 970 1957 in'atiqaem.
1028 1872 1240 1938 Restituenda
1273 1885 1320 1938 est

150 1991 155 2034 ,-
266 1957 475 2047 optimorum
492 1955 655 2032 librorum
663 1955 830 2043 'scriptura
846 1956 881 2020 in
898 1957 979 2021 Livii
994 1962 1046 2036 21,
1062 1960 1115 2038 35,
1135 1965 1186 2024 12.
1210 1959 1320 2023 omnis

258 2043 375 2136 Jerme
395 2043 450 2106 aia
461 2053 845 2129 praeceps,'angusto,
866 2041 996 2108 lubrica
1014 2055 1110 2122 erat,
1131 2056 1228 2109 at-
1256 2044 1322 2110 atti

265 2151 368 2216 anper
382 2129 471 2193 alios
490 2145 524 2193 et
547 2127 701 2191 iumenta
724 2127 763 2191 in
783 2128 934 2193 domines
958 2127 1160 2195 occiderent.
1202 2132 1321 2195 Poetae

267 2213 474 2281 transferunt
489 2224 620 2277 motum
637 2212 676 2276 ad
694 2213 922 2278 conditionem
939 2214 1001 2279 vel·
1016 2225 1137 2280 statum
1162 2237 1202 2278 ex
1225 2228 1321 2280 motu

268 2301 460 2368 oriundum.
505 2300 658 2385 Propert.
679 2299 717 2379 t,
735 2301 775 2378 5,
793 2303 844 2362 47.
870 2299 902 2363 si
921 2300 1036 2386 pulset
1058 2301 1174 2366 inania
1198 2301 1321 2377 surdas

268 2389 307 2454 in
323 2383 506 2450 obductam
522 2384 667 2450 somniet
680 2405 783 2472 usque
796 2407 922 2449 seram.
966 2385 1043 2450 Non
1063 2396 1111 2450 est
1126 2386 1167 2451 de
1184 2395 1322 2476 tempo-

267 2496 306 2539 re
332 2470 577 2556 accipiendum,
609 2469 667 2533 sed
693 2493 795 2558 usque
819 2469 981 2557 signifieat
1010 2483 1193 2560 perpetuo,
1229 2483 1263 2538 et
1285 2475 1321 2540 in

267 2557 450 2624 obductam
465 2579 597 2628 aeram,
621 2555 766 2643 intellige
785 2557 989 2622 inclinatum.
1033 2558 1116 2622 Stat.
1138 2557 1216 2622 sitv.
1241 2559 1273 2642 5,
1289 2565 1320 2632 8,

267 2649 319 2713 67.
341 2641 576 2728 obstantesque
590 2664 714 2706 manus
732 2640 934 2729 turbamque,
955 2653 1123 2708 tenentem
1138 2643 1260 2725 vincit,
1285 2645 1322 2709 in

204 2737 229 2755 V
268 2727 467 2804 ardentem,
488 2725 611 2811 tinent,
632 2727 802 2792 moritura
824 2728 1002 2793 maritam.
1032 2729 1055 2808 i,
1079 2751 1109 2796 e.
1140 2732 1323 2796 satiantura

160 2853 163 2862 ι
266 2813 484 2892 inmeritum.
579 2869 583 2876 .

336 2933 462 3070 ⁸vatter.
486 2933 581 2986 Flauo.
606 2931 639 2997 1,
662 2931 724 2986 132.
762 2932 811 2986 illa
837 2913 908 2995 tedet
935 2893 1035 2988 directa
1059 2933 1086 2987 in
1108 2932 1212 2988 lamina
1237 2933 1321 3005 putta.

359 3017 468 3083 ,2t)t.v

351 3131 383 3194 8.
408 3125 588 3213 Multiplex
611 3135 660 3190 est
683 3145 782 3204 usus,
812 3149 879 3214 quo
904 3125 1003 3191 verba
1024 3125 1208 3209 inferendi,
1232 3129 1323 3193 ‘mit-

268 3211 380 3294 tendi,
409 3213 579 3292 tradendi,
609 3210 806 3299 recipiendi,
843 3212 1024 3298 aecipiendi
1048 3224 1081 3279 et
1111 3213 1253 3302 proprio
1292 3223 1324 3277 et

268 3297 499 3387 metaphorica
516 3318 614 3361 sensu
632 3318 707 3362 eum
729 3299 976 3385 praepositione
1000 3298 1038 3362 in
1062 3309 1324 3384 componuntur,

268 3405 331 3448 nea
350 3383 630 3472 operaepretium
650 3383 780 3448 videtur
801 3383 1000 3450 confirmare
1021 3406 1098 3449 eum
1123 3385 1238 3449 multis
1262 3406 1325 3449 ex·

270 3471 399 3559 emplia.
445 3469 530 3533 Satis
552 3469 615 3533 erit
639 3491 920 3536 commemorasse
946 3469 1128 3556 insigniora
1150 3470 1325 3556 quaedam.

268 3555 321 3622 Ex
337 3557 376 3621 iia
396 3554 575 3634 nonnulla,
598 3577 681 3643 quae
698 3578 772 3621 cum
789 3556 1037 3654 praepositione
1052 3553 1102 3622 ad
1125 3567 1325 3621 construun-

268 3652 345 3715 tur,
370 3641 428 3706 ubi
453 3640 578 3706 accedit
602 3641 697 3706 notio
721 3641 969 3721 insinuationis,
990 3649 1162 3706 assumunt
1182 3642 1240 3706 in.-
1265 3641 1325 3706 alia

270 3727 368 3793 etiam
385 3748 456 3790 non
473 3726 669 3808 adhaerente
692 3725 748 3791 illa
764 3730 919 3805 notione,
940 3727 1041 3791 veluti
1060 3725 1325 3792 accommodare

268 3813 308 3877 in
322 3811 467 3899 aliquid.
512 3812 656 3876 Plurima
673 3815 838 3879 actionem
862 3811 1066 3899 significant,
1087 3834 1152 3900 qua
1172 3810 1326 3892 efficitur,

267 3911 306 3963 ut
322 3897 446 3982 aliquid
474 3897 516 3963 sit
537 3899 572 3962 in
596 3884 705 3984 aliquo
726 3898 821 3963 locor
853 3896 959 3964 multa
986 3907 1097 3964 autem
1119 3907 1244 3964 statum
1275 3897 1327 3968 vel

268 3983 514 4060 conditionem,
534 3986 636 4069 'apuam
653 3983 726 4068 quis
740 3983 841 4051 subit.

355 4083 432 4156 'Cin
447 4103 482 4156 de
502 4099 577 4156 Oret.
595 4103 629 4169 2,
642 4102 694 4168 tu,
708 4102 769 4160 322.
791 4112 829 4160 en
846 4105 883 4180 id,
898 4105 1003 4174 quidem
1025 4103 1055 4157 in
1077 4108 1162 4160 toton
1180 4102 1328 4161 oratiam

332 4188 556 4270 profundendum,
574 4205 620 4245 nee
633 4189 740 4244 minine
753 4190 783 4243 in
795 4194 946 4246 attremant.
