2902 4718
218 347 296 414 ,1⁰2¹
434 398 440 410 .
584 345 673 416 1101.
716 347 969 418 Housm-

333 495 456 566 lnscrlct.
476 497 550 569 apud
573 499 683 556 (luter.
701 519 729 570 p.
744 499 805 554 511.
830 501 952 569 equedrir
975 499 1074 555 creticis
1098 507 1277 556 oruamentum

300 581 331 634 lo.
349 583 480 636 Vestinum
489 587 703 653 familiarissime*
714 586 797 654 diligo
810 592 836 638 ot
851 586 976 654 hodieque
987 587 1017 638 ia
1037 587 1111 638 relus
1128 587 1191 638 muts
1212 585 1278 640 aert-

300 681 358 719 πω.
391 666 493 720 Paulus
507 669 536 722 ia
549 667 948 739 nogent18,1‚1‚1.oeouu
969 669 1025 722 eice
1042 671 1153 722 nomimis
1168 670 1280 722 corditio

299 748 352 801 dici
370 751 494 820 hodieque
514 756 610 824 possit,
632 755 773 806 dubitatur.
815 753 858 808 ltu
881 753 940 807 cod.
962 752 1096 806 florentin.
1122 751 1279 810 Mamerco.

301 832 405 916 Paneg.
423 835 448 902 1,
462 837 487 888 3.
506 837 699 904 manifestares
712 844 736 891 et
748 839 860 907 prolato
874 840 938 894 ricta
950 839 1073 907 hodieque
1086 845 1197 894 testatur
1209 839 1280 892 Hor*

300 919 365 969 colis
381 937 431 972 cra
447 919 571 984 puriora.

318 1015 404 1092 Haec
436 1018 463 1082 si
501 1019 739 1094 considerasset
769 1021 990 1109 Hartungius,
1024 1043 1062 1086 ea
1094 1029 1180 1084 certe
1209 1039 1282 1082 non

234 1100 438 1188 scripsisset,
471 1123 554 1190 quoe
576 1105 611 1169 in
634 1105 721 1171 libro
747 1105 787 1171 de
810 1107 980 1172 Perticalis
1003 1109 1126 1194 graecis
1148 1129 1182 1190 p.
1206 1109 1279 1170 110.
1329 1097 1333 1108 ⁸

236 1183 337 1249 Tcm.
371 1193 398 1251 1.
432 1187 595 1275 leguntur.
650 1192 759 1257 Nemo
791 1193 880 1258 enim
922 1214 1079 1277 umquam
1110 1189 1281 1266 dubitavit,

235 1271 315 1356 quin
331 1271 495 1370 hodieque
510 1275 686 1362 aliquando
705 1279 739 1342 iu
756 1297 817 1341 usu
833 1278 936 1342 latino
951 1277 1061 1350 luerit,
1086 1276 1143 1340 sed
1158 1273 1282 1339 factum

233 1354 363 1420 esthon
382 1360 578 1432 vccabulum
601 1382 639 1424 eo
658 1373 829 1449 tempore,
851 1365 885 1426 in
910 1384 976 1448 quo
1000 1360 1109 1425 Latini
1132 1383 1193 1447 quc
1217 1381 1280 1446 pro

221 1441 340 1506 eriam
355 1465 480 1536 ponere
494 1459 750 1510 consueverunt:
768 1447 1045 1534 nequedodieqne
1055 1447 1136 1510 oriri
1151 1454 1277 1529 poterat

224 1546 277 1591 cx
299 1548 358 1608 eo,
382 1530 472 1614 quod
499 1531 707 1595 omitteretur
726 1531 826 1596 ultera
846 1553 924 1618 pars
949 1529 1099 1594 dictionis
1117 1529 1281 1615 olimque:

222 1621 266 1676 “at
287 1610 538 1712 ipsameticm,
569 1625 620 1694 et,
646 1637 730 1701 quoe
752 1637 814 1703 pro
840 1638 879 1680 eo
901 1625 1089 1702 ponuntur,
1126 1625 1177 1693 et,
1208 1634 1281 1702 que,

237 1708 443 1784 coniungunt
461 1701 540 1764 duas
564 1701 718 1765 notiones
734 1723 805 1765 non
826 1723 956 1788 semper
980 1699 1083 1778 verbis
1102 1720 1279 1786 expresses,

236 1791 334 1866 atque
349 1785 382 1846 in
400 1784 565 1872 hodieque
578 1786 773 1872 intelligitur
795 1799 899 1854 anteo
913 1783 1088 1872 hodieque.
1123 1784 1282 1848 Germani

234 1886 337 1957 quum
348 1867 530 1956 loquuntur
542 1872 639 1936 luente
649 1873 746 1948 arech,
764 1877 907 1958 cogitant
922 1881 1083 1950 rrtuntea,
1099 1868 1153 1933 ito
1167 1869 1280 1934 leodic.

321 1959 372 2018 11.
396 1953 591 2030 Hodienum
606 1944 803 2020 vocubulnm
820 1968 868 2021 est
882 1955 1079 2033 barbarum,
1099 1955 1189 2040 quod
1211 1976 1283 2018 sac-

233 2035 309 2106 culo
332 2040 512 2105 novissimo
535 2041 569 2105 in
593 2062 689 2105 usum
715 2043 814 2106 venit.
857 2041 991 2106 Factum
1014 2039 1119 2104 estin
1145 2039 1283 2104 modum

233 2121 326 2188 verbi
347 2125 546 2188 etiamnum.
595 2126 703 2191 Nemo
719 2127 921 2214 scriptorum
945 2137 977 2190 et
1000 2147 1041 2188 ne
1060 2129 1283 2189 recentiorum

234 2207 370 2294 quidem
387 2209 432 2273 ita
447 2211 604 2296 loquutus
624 2222 684 2275 cst.
726 2213 767 2275 Hi
792 2213 881 2276 enlm
903 2211 1058 2274 dixerunt
1080 2208 1117 2270 ira
1140 2207 1282 2270 hodier-

234 2313 327 2359 num.
372 2293 433 2359 vid.
453 2295 577 2360 Minue.
597 2293 663 2359 Fel.
690 2295 803 2360 Oetav.
827 2301 879 2359 22.
930 2295 997 2358 Nec
1017 2291 1154 2378 probari
1200 2301 1284 2355 otest

236 2376 339 2443 altera
353 2378 505 2443 vocabuli
522 2375 733 2444 forma’navo
752 2377 938 2444 hodiedum
963 2399 1025 2463 pro
1054 2377 1152 2439 etiarn
1170 2315 1283 2440 lodic.

233 2459 398 2536 Dufresne
411 2485 484 2527 eom
500 2464 596 2528 affert
614 2484 655 2525 ex
677 2464 822 2527 Historia
843 2461 1037 2528 monasterii
1059 2459 1283 2544 gladbacensis

236 2569 264 2619 c.
286 2553 318 2614 7.
341 2548 379 2610 iro
399 2547 535 2633 grandi
558 2559 679 2620 corato
704 2546 853 2641 lupide„
876 2570 973 2641 quem
994 2544 1181 2620 hodiedum
1206 2569 1282 2620 cer-

239 2654 321 2704 nere
339 2632 430 2704 licei·

604 2791 607 2798 -
681 2733 829 2822 HOL

317 2888 357 2954 In
380 2886 529 2954 Terentii
551 2885 687 2957 Phorm.
713 2888 745 2966 4,
770 2893 802 2965 3,
824 2889 878 2962 58.
910 2889 991 2959 clim
1018 2889 1185 2978 legebatur
1215 2890 1285 2970 luci,

237 2971 309 3037 Iuni.
340 2972 398 3038 nbi
419 2973 561 3039 Faernus
586 2996 605 3039 e
633 2971 729 3040 codd.
759 2975 826 3040 suis
851 2977 983 3064 scripsit
1006 2978 1091 3054 eici,
1120 2974 1285 3038 Bentleius

237 3056 316 3124 cici.
377 3055 415 3130 In
438 3057 523 3126 Eun.
554 3067 594 3140 4,
618 3059 658 3140 4,
685 3060 737 3124 47.
774 3060 832 3125 ubi
860 3063 919 3126 Ioci
945 3060 1001 3125 loci
1030 3058 1286 3127 confirmabatur

237 3141 395 3210 Prisciani
419 3143 610 3209 testimonio
655 3148 777 3212 ‚1012
800 3143 893 3215 nunc'
914 3147 1067 3218 codicum
1090 3144 1287 3214 auctoritato

239 3237 427 3298 correctum
442 3238 491 3298 est
503 3229 572 3302 cici
587 3166 752 3301 releoiei.

594 3391 1056 3492 HORSVM.‘.

319 3553 492 3633 Honsvn,
519 3553 612 3642 quod
636 3563 685 3620 est
707 3553 1100 3634 castamserram,
1124 3549 1287 3641 significat

237 3636 280 3704 ad
295 3635 385 3704 hunc
400 3641 514 3704 locum
530 3661 652 3709 versus.
693 3639 826 3711 Praeter
841 3641 990 3711 comicos
1011 3661 1113 3707 nemo
1134 3639 1202 3704 hcc
1224 3658 1287 3703 vc-

237 3721 357 3791 ccbnlc
372 3745 449 3793 usus
467 3733 526 3788 cst.

342 3825 433 3879 Plcnt
448 3823 519 3878 naa.
533 3823 560 3888 1,
574 3821 602 3888 2,
618 3821 662 3876 88.
686 3824 812 3878 macrii:
832 3825 937 3880 Mecum
958 3839 985 3878 ro
1001 3823 1128 3894 capessis
1145 3824 1219 3878 cclcc
1238 3835 1287 3874 res.

304 3907 366 3962 llll.
383 3909 410 3974 2,
425 3908 452 3974 a,
466 3906 509 3960 θλ
537 3909 626 3961 codem
647 3907 688 3960 illi
708 3907 816 3961 {midias
837 3910 921 3972 dolo,
941 3925 1020 3976 asam
1040 3923 1100 3960 uros
1124 3909 1229 3960 oenum
1251 3906 1288 3958 cai

307 3993 439 4046 uetulum
454 3991 527 4046 tucia
539 3991 649 4060 recipiet
664 4007 690 4043 oc
711 4007 729 4042 o
750 3993 853 4060 pabulo.
887 3993 999 4046 Terent.
1013 3991 1084 4044 Hoc.
1099 3988 1126 4053 3,
1142 3987 1169 4052 1,
1182 3985 1226 4039 85.
1245 4003 1287 4040 ec-

308 4091 367 4128 cm
382 4075 540 4145 Phidippum
554 4081 581 4128 ct
591 4082 696 4146 putrem
709 4075 797 4130 cidens
814 4078 920 4129 lusum
932 4081 1057 4147 pergent.
1083 4071 1186 4141 nune,
1199 4071 1227 4138 1.
1243 4069 1287 4130 lt

309 4175 369 4219 mor
381 4165 458 4218 arca
471 4167 496 4216 tc
508 4159 620 4233 adigem
634 4159 737 4218 maro
750 4159 887 4218 mount.
