2856 4722
556 321 756 423 urnam.
1120 324 1185 392 aas
1279 377 1282 383 .

222 485 272 547 18.
292 463 347 544 Sic
371 486 589 566 opponuntur
614 475 698 542 duae
719 499 772 540 res
796 497 899 564 aeque
923 497 994 544 non
1009 459 1185 566 'negandae
1258 533 1262 538 ,

133 569 186 636 vel
207 568 248 632 ab
273 576 412 651 utraque
429 574 522 651 parte
544 563 644 628 simul
667 562 827 632 valentes.
851 563 887 626 in
909 563 1014 628 altero
1032 566 1184 630 membro

134 655 249 743 positis
265 651 373 716 verbis
390 673 491 738 qrsum
511 649 669 714 iuterim.-
693 648 785 732 quasi
804 648 931 713 dicetur
950 672 1052 736 quum
1066 673 1101 717 ea
1125 651 1184 716 ul·

72 763 74 769 ’
134 753 212 806 tera
229 749 335 825 parte
361 735 475 802 simul.
526 734 649 798 Modus
681 732 875 800 indicativus
909 736 1075 820 sequitur,
1112 757 1184 800 non

123 824 371 918 geoniunotivus.
416 821 499 885 Vide
514 821 649 907 Zumpt.
665 819 704 881 ad
724 819 862 898 Quintil.
878 819 977 883 Tom.
992 825 1023 886 5.
1041 845 1073 909 p.
1091 824 1184 890 411..

236 941 351 1010 Quintil.
365 940 391 1005 2,
407 939 450 1006 12.
465 939 491 993 2.
513 947 539 993 'et
553 940 704 1010 gladiator,
729 934 774 1007 q'sss'
787 955 920 992 armornm
942 930 1038 1014 inscias
1053 943 1082 994 s'ss
1099 943 1184 996 risam

197 1032 269 1094 ssss't,
286 1036 313 1082 et
330 1028 460 1090 luctator,
479 1024 524 1093 qui
540 1025 618 1078 totius
633 1023 746 1093 vesperis
766 1023 827 1076 sess
842 1025 869 1076 s'ss
888 1027 933 1091 s'sl,
957 1028 1024 1094 qaod
1043 1027 1119 1079 semel
1141 1029 1184 1080 ἰη-

202 1115 291 1177 enss't‚
314 1111 454 1174 incumbit,
473 1109 574 1174 fortior
591 1110 626 1162 ab
648 1109 689 1161 bis
715 1116 839 1161 creature
864 1129 942 1180 qaum
966 1093 1073 1163 interisti
1094 1118 1120 1163 et
1140 1112 1183 1164 tto

197 1203 350 1268 frequentes·
365 1194 418 1245 suis
430 1194 526 1244 viribus
548 1195 601 1261 ipse
619 1194 791 1262 prosteruitur
808 1199 833 1245 et
854 1193 946 1259 illum,
962 1195 1114 1248 vehementis
1132 1197 1183 1249 iss-
1257 1237 1261 1246 .

199 1290 291 1355 petas,
307 1279 399 1349 excipit
410 1278 553 1332 ademarii
568 1279 653 1332 mollis
667 1277 802 1331 micalus.
837 1276 961 1345 1,11,3.
977 1277 1020 1344 12,
1035 1277 1078 1344 1⁰,
1089 1278 1138 1352 (bl.

220 1437 271 1496 19.
304 1431 361 1495 His
390 1429 543 1495 omnibus
564 1430 778 1496 consideratis
802 1452 872 1496 non
897 1429 1103 1495 inveniemus
1132 1431 1184 1496 lo-

132 1540 227 1591 cum,
249 1538 316 1606 quo
334 1515 605 1604 significationem
620 1529 759 1602 repente
774 1515 987 1581 collocemus.
1032 1517 1115 1582 Eam
1131 1528 1186 1582 te·

132 1626 209 1669 men
228 1602 437 1688 grammatici
460 1601 607 1688 afferunt
632 1603 756 1666 Donati
778 1605 919 1667 auctoris
944 1595 1100 1676 nomine,
1125 1605 1184 1690 qui

131 1691 171 1756 ad
184 1688 319 1752 Terent.
335 1688 412 1751 Heo.
428 1699 457 1767 1,
470 1693 502 1767 2,
521 1693 593 1752 102.
615 1687 764 1764 interim,
786 1687 888 1756 modo
902 1700 1060 1774 repente:
1082 1700 1114 1754 et
1130 1703 1181 1755 eet

125 1772 337 1842 'adverbium
358 1773 531 1856 temporis.
574 1773 623 1834 At·
634 1773 797 1859 glossator
821 1772 985 1838 intellexit
1001 1772 1073 1838 rein
1086 1775 1181 1840 nullo
1257 1799 1260 1808 ’

133 1861 294 1947 temporis
327 1855 500 1920 intervallo
535 1869 790 1942 consequutam,
826 1858 893 1922 sive
918 1858 1015 1923 aliam
1044 1882 1116 1924 rem
1145 1859 1182 1926 in

132 1947 231 2012 alia-m
248 1942 405 2008 continuo
420 1951 655 2008 transeuntem.
701 1941 801 2021 Quod
823 1943 959 2030 Saepius
982 1946 1008 2008 si
1028 1955 1182 2031 reputas-

133 2043 206 2112 set,
228 2031 262 2095 in
288 2027 434 2091 Analect.
460 2049 495 2113 p.
510 2029 562 2090 51.
582 2048 652 2090 nou
670 2026 936 2115 reprehendisset
957 2030 1082 2092 bonum
1106 2030 1182 2094 Do-

131 2129 268 2184 natum..
303 2112 464 2177 Rinckius
487 2111 522 2174 iu
538 2112 650 2176 libello
667 2110 707 2176 de
728 2110 869 2177 Aemilio
895 2113 1023 2194 Probo,
1047 2125 1182 2182 auctore

134 2203 201 2267 Vir.
217 2198 372 2286 lmper'at.
396 2203 450 2262 30.
473 2195 711 2262 documentum
734 2199 927 2286 depravatae
951 2199 1119 2264 latinitatis
1144 2201 1181 2266 iu
1211 2196 1217 2206 ’
1324 2243 1327 2252 =

134 2311 175 2356 eo
194 2289 357 2352 invenisse
376 2283 437 2347 sibi
455 2283 541 2348 visus
558 2293 624 2365 est,
646 2284 735 2372 quod
751 2287 784 2350 in
799 2283 921 2352 Tbem.
938 2286 969 2365 5,
987 2293 1016 2350 1.
1041 2286 1181 2362 interim
1233 2312 1236 2316 ·

135 2373 281 2460 positum
313 2371 355 2432 sit
377 2391 442 2456 pro
472 2380 630 2434 ceterum.
676 2372 716 2432 At
739 2369 894 2437 meliores
917 2371 994 2437 libri
1012 2371 1057 2437 ibi
1079 2395 1197 2458 prees

130 2459 214 2526 beut
241 2459 374 2522 iterum.
421 2453 568 2519 Interim
591 2455 618 2520 si
642 2454 786 2543 legitime
807 2458 1022 2537 scriberetur,
1051 2457 1179 2544 signifi·

126 2547 221 2612 'caret
237 2539 478 2617 nibilominus,
500 2553 628 2606 tamen.

216 2697 248 2784 t)
273 2689 529 2761 commutantur
553 2663 695 2780 interim,
714 2695 911 2785 etinterea.
943 2695 1001 2760 vd.
1025 2697 1179 2763 Draken-

132 2782 250 2851 borch.
268 2781 307 2846 ad
325 2781 392 2846 Liv.
414 2788 445 2861 9,
463 2786 493 2858 9,
513 2786 564 2846 13.
587 2791 620 2844 et
635 2781 784 2846 interim.
816 2782 873 2846 vd.
885 2781 1018 2849 criticos
1034 2784 1075 2850 ad
1092 2786 1180 2852 Cor-

132 2870 200 2937 nel.
218 2867 341 2934 Them.
357 2870 389 2950 5,
409 2873 438 2934 1.
457 2866 627 2932 Drakenb.
642 2866 684 2931 ad
698 2867 766 2932 Liv.
789 2872 839 2946 10,
859 2870 908 2948 18,
928 2874 957 2932 1.

527 3087 778 3175 INTRA.

216 3258 330 3324 INTRA
345 3255 499 3320 formam·
511 3279 578 3321 esse
595 3255 766 3322 ablativam
783 3256 928 3320 nominis
944 3255 1072 3321 interes
1084 3273 1178 3322 ¹cou-

131 3359 218 3428 stet,
241 3363 348 3429 neque
372 3341 438 3407 ulla
463 3343 498 3406 in
522 3353 615 3429 parte
635 3345 719 3406 ratio
745 3343 812 3407 eius
831 3341 947 3408 differt
970 3365 987 3406 a
1008 3344 1176 3428 particulis

131 3429 250 3513 extra,
275 3447 400 3514 supro,
422 3423 530 3514 infra.
574 3427 772 3493 Adverbium
795 3426 833 3491 fit
856 3429 1074 3515 praepositio,
1096 3423 1178 3516 quae

132 3516 416 3586 eumaccusativo
440 3515 670 3601 componitur:
703 3518 945 3599 comparativus
966 3525 1075 3578 autem
1108 3515 1178 3602 pri-

128 3606 279 3674 mitivam
295 3599 441 3664 formem
464 3621 533 3664 non
549 3610 655 3664 mutat
670 3600 906 3663 contractione.

173 3743 179 3754 ‘
244 3737 365 3802 Gellius,
386 3734 482 3804 quide
500 3735 553 3790 lsue
576 3751 643 3789 voce
662 3733 900 3804 disputet12,13.
916 3731 1052 3800 originem
1070 3731 1110 3784 itu
1128 3732 1176 3785 ele-

199 3827 347 3875 monstrats
371 3819 512 3889 perticalis
533 3821 579 3886 ἐπ,
603 3821 655 3887 cis,
683 3821 736 3885 uls,
765 3817 893 3888 quoniam
911 3833 999 3886 parvo
1022 3815 1186 3886 exiguoque-

197 3905 287 3961 sonitn
298 3906 439 3961 obscurius
454 3913 658 3974 promerentur,
678 3904 800 3956 additam
815 3921 874 3958 esse
884 3903 1019 3971 syllabam
1035 3911 1086 3965 tro,
1100 3904 1177 3968 nullu

197 3990 405 4060 significationis
432 3989 584 4064 mutatione
614 3989 704 4041 lecta:
729 3988 844 4057 ideoque
867 3989 938 4040 intres
960 3986 1117 4054 significes-e
1140 3989 1177 4040 iss.

197 4074 253 4128 Nos
270 4090 352 4142 quum
369 4071 460 4130 ortum
474 4075 503 4128 in
517 4073 652 4128 adiectivo
668 4072 894 4142 cognoverimus,
914 4071 996 4124 etiam
1017 4070 1175 4140 (16ιὶςηίίί-
1235 4091 1237 4094 ·
1277 4111 1280 4116 .

197 4164 260 4214 ceta
284 4175 337 4213 non
363 4159 558 4216 dubitabimus.
598 4157 654 4212 Sed
675 4158 759 4215 etium
780 4156 937 4228 Priscipnus
953 4175 981 4228 p.
997 4155 1057 4212 001.
1074 4157 1173 4212 s'sstrs
