2846 4724
607 357 666 426 ΙΝ.
786 393 817 413 .·
935 405 969 428 „
1042 351 1223 467 *sst-

13 551 17 560 ·
78 589 80 594 ,
108 514 321 591 vehementer
337 507 474 575 fallitur.
519 504 661 577 lustinus
679 521 711 576 et
738 510 794 597 qui
816 509 910 576 istius
935 511 1048 577 aetatis
1073 511 1169 580 fuere

22 637 26 644 «
105 603 297 688 scriptores,
321 595 472 666 dicebant
487 594 613 662 bellum
627 619 750 686 gerere
765 598 802 662 in
821 596 1020 663 Graeciam.
1044 605 1076 678 3,
1093 605 1120 679 l,
1137 607 1168 666 1.

106 688 160 767 42,
179 687 211 761 5,
228 689 259 750 6.
280 682 315 748 id
334 692 392 763 est,
413 681 567 746 adversus
579 685 769 749 Graeciam:
794 683 851 746 sed
870 705 939 748 non
957 686 1068 772 potuit
1082 686 1168 750 scri·-
1252 691 1255 700 '

107 773 204 852 bere,
227 791 287 834 neo
312 769 500 865 scripsitlde
519 768 606 833 bello
627 770 662 833 in
679 768 790 833 Sicilia
809 779 901 856 gesto
931 770 963 848 5,
983 776 1012 850 1,
1033 777 1062 834 1.
1084 772 1167 836 dum

105 843 328 924 >estiomenus
345 855 383 918 iri
400 853 559 918 Siciliam
573 853 698 922 bellum
716 889 759 902 --
777 865 915 942 gerunt.
942 879 1003 920 nec
1020 861 1051 934 2,
1068 863 1117 932 18,
1134 861 1167 924 6.
1271 879 1274 887 ·

105 945 195 1010 sutis
219 941 343 1005 multos
359 939 483 1004 ‘hostes
506 939 544 1005 in
569 939 758 1004 Graeciam
780 927 969 1006 remunere'
987 941 1167 1021 dictitans,
1261 971 1263 975 ·

103 1052 166 1095 nec
184 1027 316 1093 Curtius
342 1029 380 1108 8,
399 1026 438 1105 5,
457 1031 505 1090 ts.
535 1025 688 1090 Dorium
713 1025 831 1113 quinto
856 1025 914 1091 die
939 1027 978 1092 ire
1003 1027 1167 1092 Cilicium

96 1112 182 1206 fore
197 1111 390 1178 nuntiatur.
412 1110 538 1176 etiamsi
555 1111 686 1176 codices
704 1112 858 1197 quidam,
878 1135 948 1176 non
966 1135 1083 1178 onmes
1104 1135 1166 1178 noc

105 1200 264 1266 meliores
281 1195 315 1261 id
334 1194 508 1274 exhibent.
549 1197 622 1261 Vid.
640 1197 790 1261 Davisius
808 1197 848 1262 ad
864 1199 952 1264 Hirt.
968 1198 1006 1262 B.
1024 1198 1095 1264 Afr.
1115 1203 1166 1266 47.
1244 1238 1248 1244 »

104 1286 131 1354 F
134 1285 287 1356 tontibus
304 1281 414 1368 potuit
429 1283 569 1370 Stratag.
586 1288 617 1362 2,
633 1285 663 1362 4,
682 1286 713 1348 4.
733 1283 892 1349 scribere:
914 1285 1040 1363 eciem,
1062 1308 1166 1374 qttom

104 1373 137 1437 is
169 1371 208 1437 ira
242 1368 415 1434 Acltoiom
442 1391 515 1454 per·
541 1370 725 1456 ougrrstius
759 1367 1070 1456 Thermopylarum
1107 1371 1167 1436 di·
1219 1399 1221 1404 ·

105 1466 263 1538 rexerat:
284 1475 354 1517 non
372 1456 482 1540 potuit
504 1454 539 1517 in
561 1455 637 1519 loco
660 1467 962 1544 supramemorato
979 1458 1017 1521 in
1034 1456 1167 1543 Hispa-

105 1543 224 1608 niam:
260 1561 322 1604 nco
360 1539 572 1607 consentiunt
605 1540 692 1606 libri.
750 1540 910 1606 Klennius
941 1544 1165 1608 certissimum

105 1627 204 1693 huius
229 1647 305 1690 usus
327 1623 564 1690 documentum
588 1628 729 1714 reperiri
753 1628 962 1694 existimabat
983 1629 1017 1692 in
1046 1629 1165 1693 inscri-

86 1711 277 1801 pitonibus
302 1708 431 1775 tabulae
455 1710 653 1776 heracleens.
690 1714 747 1777 lin.
773 1715 826 1779 50.
862 1731 900 1778 lu
924 1732 1046 1780 trusum
1073 1733 1166 1780 Pno-

106 1815 232 1864 rrvsvs
255 1813 376 1860 VRBEM
395 1815 484 1862 nou.
502 1809 532 1862 et
551 1799 583 1860 in
601 1798 687 1883 Lege
705 1798 821 1864 Servii.
845 1822 878 1886 p.
895 1804 948 1864 23.
976 1817 1165 1877 Qvn1vn1u

104 1901 229 1950 vunnu
246 1899 373 1946 Roustu
387 1919 431 1930 -
446 1901 613 1948 unsrrer.
659 1885 752 1968 Quas
765 1885 883 1972 quibus
897 1885 1087 1950 auctoribus
1103 1887 1165 1953 tri-

105 1969 268 2044 buamus,
290 1977 384 2030 autea
402 1969 581 2032 innuimus.

194 2079 288 2155 ¹eruo
303 2089 477 2140 Burmannus
492 2088 526 2139 ad
542 2088 653 2142 Sueten.
670 2089 749 2142 Caes.
760 2051 809 2141 bt.
825 2089 928 2154 alfort,
948 2072 1020 2141 bihil
1037 2107 1165 2160 sempru-

140 2207 145 2216 .
173 2175 256 2238 bant,
275 2190 327 2225 nec
346 2171 386 2226 ibi
401 2171 485 2244 scribi
502 2179 591 2240 potest
607 2175 634 2226 ia
656 2175 769 2228 ltaliam.
803 2173 936 2227 Meliores
954 2173 1061 2229 codices
1084 2177 1165 2230 able-

176 2256 264 2313 livum
277 2258 382 2314 babent
397 2257 524 2341 eliensis
541 2257 626 2312 Hirtii
643 2263 676 2315 B.
692 2260 751 2314 nn.
765 2257 810 2324 4³,
828 2257 853 2310 4.

192 2404 224 2463 2.
257 2397 526 2462 Praetermittere
550 2396 776 2494 quaestionem
802 2393 842 2460 de
868 2395 990 2462 omissa
1007 2420 1163 2486 ‚praepo-

106 2480 263 2549 sitiones
282 2482 394 2547 multis
412 2483 477 2546 iam
496 2483 679 2546 institutam
704 2503 766 2544 nos
788 2504 858 2545 non
874 2482 985 2554 licebit
1001 2495 1162 2570 propter-

108 2563 166 2640 ed.
191 2571 282 2657 quod
309 2567 466 2654 quaedam
489 2569 702 2638 inveniuntur
716 2565 794 2633 huic
810 2568 866 2632 uni
882 2569 1062 2655 particulae
1076 2591 1164 2656 pro-

106 2656 191 2743 pria.
240 2658 347 2741 ⁸Saepe
377 2655 464 2719 enim
500 2677 516 2718 a
553 2653 694 2719 librariis
725 2653 1008 2742 praepositionem
1039 2666 1165 2721 temera

108 2740 269 2806 adiectam
295 2759 364 2829 esso
389 2740 493 2804 critici
522 2740 743 2804 contendunt:
785 2751 818 2804 st
849 2762 919 2804 non
952 2764 1029 2806 raro
1064 2742 1162 2806 etiam

108 2829 230 2892 omissa
247 2850 284 2892 ea
301 2827 509 2890 esttvelcasu
530 2827 576 2889 vel
593 2825 678 2891 falso
703 2826 837 2889 iudicio.
885 2826 949 2890 Sed
967 2847 1043 2891 usus
1062 2828 1163 2892 ctiam

107 2913 228 2976 multas
245 2910 406 2980 dictiones
426 2913 583 2990 servavit,
605 2933 745 2998 quarum
761 2912 901 2975 modum
926 2935 995 2976 non
1020 2911 1058 2976 'ad
1083 2915 1162 2977 altas
1215 2989 1217 2992 Ι
1300 2915 1302 2920 ’

107 2999 253 3064 eiusdein
278 2998 407 3087 generis
432 2997 614 3062 adhibitum
641 2997 798 3062 videmus.
851 2998 1013 3062 Dicebant
1037 3011 1161 3083 veteres

106 3083 146 3148 iu
162 3106 268 3148 morsu
283 3099 415 3158 tenere,
439 3082 476 3146 iu
492 3082 618 3163 oculis,
641 3083 678 3146 in
693 3081 832 3146 auribus
850 3094 984 3165 tenere,
1007 3084 1062 3148 sed
1082 3085 1162 3149 urri-

106 3191 162 3234 mo
179 3181 311 3248 tenere,
336 3169 502 3232 memoria
519 3179 649 3249 tenere,
675 3189 744 3232 non
767 3166 913 3256 praelixa
936 3172 1162 3257 praepositio-

108 3276 162 3318 ne.
207 3255 245 3322 In
266 3256 336 3320 aliis
354 3254 465 3331 multis
492 3265 629 3340 utraque
654 3251 766 3317 forma
791 3254 925 3340 aequale
948 3256 998 3318 ius
1021 3257 1161 3331 obtinet,

105 3340 206 3405 veluti
231 3341 268 3405 iu
290 3339 407 3405 ocimo
431 3335 564 3405 volvere
583 3349 614 3403 et
636 3338 752 3406 auimo
787 3340 926 3404 voluere.
970 3339 1044 3406 vide
1066 3343 1161 3409 Cort.

106 3423 148 3491 ad
170 3426 300 3491 Sallust.
316 3427 387 3489 Cat.
404 3431 465 3501 32,
492 3432 521 3489 1.
565 3425 723 3496 tibimiri,
746 3427 801 3510 qui
820 3425 960 3490 absoluti
977 3428 1075 3512 vulgo
1100 3449 1163 3525 ap-

106 3511 293 3611 pellantur,
315 3511 506 3590 saepissime
522 3509 701 3574 succedunt
716 3509 751 3574 in
769 3511 873 3574 vicem
889 3516 1159 3599 praepositionis,

107 3597 198 3684 iique
217 3619 286 3662 non
303 3607 433 3661 tantum
463 3595 640 3684 participiis
664 3595 870 3670 formantur,
894 3595 952 3660 sed
978 3600 1075 3662 etiam
1102 3597 1162 3660 ad-

105 3681 231 3748 iectivis
251 3695 282 3748 et
299 3681 552 3770 pronominibus
572 3693 605 3746 et
619 3683 764 3768 genitivo
788 3681 1000 3747 substantivis
1019 3682 1158 3762 adiecto,
1239 3712 1244 3720 ·

105 3768 205 3855 Apud
224 3769 403 3856 scriptores
422 3769 615 3867 posterioris
633 3767 753 3832 saeculi
770 3767 882 3854 saepo'
894 3769 993 3831 etiam
1014 3767 1159 3854 simplici

105 3854 312 3939 substantivo
335 3852 534 3938 exprimitur
558 3853 704 3917 conditio
728 3874 850 3928 rerum.
910 3851 1000 3916 Illius
1030 3854 1159 3939 generis

105 3949 182 4003 sunt
200 3941 269 4005 Cic.
293 3962 328 4026 p.
346 3939 416 4003 Mil.
434 3945 483 4014 10,
503 3943 554 4005 28.
577 3961 706 4026 magno
731 3949 764 4002 et
788 3937 955 4022 impedito
980 3951 1013 4002 et
1036 3939 1160 4004 mulie-

105 4020 159 4088 bri
191 4037 224 4090 εἰ
265 4025 414 4090 delicato
454 4023 661 4088 ancillarum
693 4045 943 4111 puerorumque
981 4025 1158 4089 comitutu.

105 4110 219 4197 Agrar.
238 4117 267 4193 1,
283 4115 315 4192 8,
332 4112 384 4175 24.
405 4110 469 4174 Ιιοο
484 4121 579 4174 motu
597 4111 780 4197 usquehuc
794 4106 1056 4195 perturbatione
1080 4111 1159 4176 uni-

104 4215 238 4263 morum
253 4207 355 4288 utque
368 4217 495 4288 rerum.
510 4201 550 4282 Δ2,
559 4200 620 4282 21,
634 4196 688 4266 55.
704 4195 771 4263 boc
784 4192 1157 4287 nostrumfrequentio.
