2856 4720
630 332 687 404 tn.
1055 415 1061 430 ,
1123 334 1188 399 no

228 483 286 538 cie.
308 479 608 550 intematum.
634 486 683 538 dos
703 486 731 538 tn
752 484 871 550 melicii
892 486 946 542 laco
966 483 1074 554 panem
1097 491 1135 542 aot
1152 487 1187 540 ad

195 572 319 639 Apronio,
349 568 547 635 11119.ιά
569 569 648 624 Fam.
669 569 736 634 2,(1,
753 569 779 622 3.
797 571 873 624 neid
901 570 968 638 pund
987 577 1061 639 petat
1082 571 1187 641 erigere
1218 563 1220 568 ¹

192 656 282 724 magis
297 653 375 724 qnam
390 659 487 727 rogare
500 663 525 708 et
542 656 572 707 in
587 655 711 708 mercedis
722 656 811 725 patim
826 671 906 724 qnam
929 654 1046 722 beneficii
1060 655 1115 708 loen
1129 672 1182 708 ou-

194 741 437 794 meanreut'deatur.
937 811 940 818 Ι

125 905 135 924 Ι
229 840 288 896 Cic.
301 841 376 895 Phil.
391 842 436 907 11,
451 838 478 906 li,
493 839 536 894 11.
557 843 602 911 qni
613 842 780 896 consulatum
797 842 826 894 ln
840 837 921 892 Bruti
941 840 1025 892 mum
1046 855 1074 892 ae
1094 844 1183 908 petere
1233 871 1235 882 ·

191 929 339 996 profitetur.
375 923 506 1000 colenti,
520 925 564 990 12,
580 926 606 978 1.
625 926 755 994 ir(dena)
771 927 817 995 qni
829 931 905 978 natus
920 931 957 978 cst
972 924 1001 976 in
1016 925 1099 976 laeum
1111 924 1184 992 prio-
1269 977 1273 986 ,

192 1014 245 1076 rie,
263 1011 376 1081 qnotidie
391 1009 477 1080 digito
492 1010 674 1079 saurgandans

230 1113 286 1165 cic.
300 1129 327 1180 p.
344 1112 452 1164 cluent.
467 1110 512 1175 23,
527 1109 572 1164 m.
592 1112 664 1176 doce,
685 1112 749 1182 pald
764 1112 793 1165 in
808 1111 911 1164 illorum
929 1109 1047 1174 indiciis,
1067 1107 1131 1178 qnid
1149 1137 1184 1152 ·-

192 1213 244 1249 non
257 1184 333 1248 modo
347 1198 375 1248 in
388 1197 518 1261 crimmis,
535 1197 581 1249 sed
603 1197 631 1249 in
650 1196 783 1250 maledicti
796 1199 849 1250 loco
863 1198 896 1248 n't
911 1198 1044 1248 odientem.
1078 1193 1183 1264 Optimi

148 1312 154 1330 .
195 1281 303 1334 codices
327 1281 461 1348 praebent
483 1283 511 1333 tn
536 1283 635 1345 locum,
654 1281 724 1349 quod
744 1299 797 1334 non
821 1279 929 1335 admitti
946 1280 1058 1333 Classen
1074 1283 1184 1349 putata

195 1367 278 1418 verbo
297 1367 411 1418 adiicere.
444 1365 578 1433 Equidem
600 1382 652 1417 non
665 1367 814 1418 absurdum
836 1365 972 1429 arbitror,
999 1365 1046 1418 sed
1072 1365 1180 1418 intelli-

194 1467 231 1520 go
251 1451 406 1514 obiectum,
432 1455 462 1502 ut
483 1455 555 1502 esset
574 1447 603 1500 id
628 1451 689 1502 loco
713 1449 860 1502 maledicti.
902 1449 1015 1504 Sueton.
1039 1437 1111 1520 Au'g.
1135 1450 1179 1506 lo.

189 1537 218 1586 ln
243 1536 324 1587 locam
354 1535 453 1589 tribuni
478 1535 563 1604 plebis
586 1537 660 1601 forte
687 1535 816 1588 demortui
843 1537 1013 1595 candidatum
1042 1553 1070 1588 aa
1090 1544 1176 1590 otten-

193 1620 243 1672 dit.
278 1619 355 1671 Caes.
373 1616 398 1669 6.
425 1620 455 1671 in
476 1620 611 1672 Corneliae
632 1627 720 1672 antem
741 1620 824 1673 lanam
846 1620 995 1690 Pompeium
1017 1621 1102 1673 dneit.
1137 1621 1179 1673 D·

193 1701 285 1754 verbis
301 1703 330 1755 in
345 1703 455 1756 alicuius
469 1705 552 1755 locam
566 1712 703 1773 coaptare,
721 1705 825 1774 legere,
842 1703 897 1756 vid.
912 1705 1051 1758 liraicnln
1069 1704 1104 1758 ad
1118 1693 1180 1759 niv)

193 1787 227 1852 ὃ,
242 1785 292 1850 32,
311 1785 339 1838 d.
362 1789 390 1840 in
412 1789 526 1842 alienius
546 1789 600 1842 loeo
622 1791 766 1858 nidrognre
786 1787 915 1840 Arntnen.
938 1789 974 1845 ad
994 1790 1090 1844 Aurel-
1110 1788 1182 1843 vict

191 1870 324 1943 Epona,
342 1870 369 1926 1.
446 1899 448 1904 ·
820 1893 821 1898 ¹
1196 1927 1199 1932 ,

229 1965 290 2029 cici
306 1973 334 2026 in
347 1973 426 2029 Verr.
443 1971 479 2038 4,
492 1971 544 2039 52,
559 1972 621 2028 116.
638 1976 767 2028 multicia
784 1976 845 2029 lucia
860 1975 983 2029 dicentur.
1018 1973 1045 2041 4,
1061 1972 1106 2042 54,
1121 1975 1179 2029 121.

192 2063 304 2128 itemque
318 2061 379 2113 allis
393 2060 420 2112 in
437 2060 499 2112 locis
515 2059 640 2112 uidemus.
740 2058 743 2071 '
1060 2090 1063 2100 ι

229 2163 288 2216 ὒίο.
304 2163 338 2215 da
352 2161 429 2215 Orat.
443 2163 469 2228 8,
482 2158 509 2227 6,
523 2162 568 2238 22,
584 2164 650 2231 quod
664 2170 689 2216 et
704 2177 754 2233 ego
770 2165 889 2219 desterno
907 2164 950 2217 dia
964 2163 1019 2217 disi
1034 2165 1059 2216 'et
1082 2163 1181 2230 aliquot

192 2249 256 2302 locis
272 2249 479 2302 antemeridiano
494 2264 610 2302 tennione
628 2248 791 2318 significauit
803 2251 938 2302 Antonius.

211 2347 253 2432 ll.
281 2356 310 2414 1.
327 2353 353 2414 A
371 2350 447 2415 loco
464 2343 560 2415 notio
584 2348 782 2414 transfertur
806 2349 845 2414 ad
872 2360 1023 2439 tempus,
1043 2348 1181 2412 etdici-

125 2435 249 2509 turres
265 2435 299 2498 in
317 2437 426 2525 aliquo
442 2445 595 2524 tempore
609 2435 707 2500 facta.
752 2438 857 2522 Atque
880 2459 941 2523 per
963 2459 997 2500 se
1021 2445 1110 2522 patet
1132 2435 1182 2515 in,

126 2542 205 2584 cum
241 2519 383 2587 ablativo
404 2523 583 2600 iunctum,
607 2519 789 2611 significare
812 2531 933 2589 statum
959 2521 991 2585 in
1017 2531 1183 2606 tempore.

128 2607 243 2688 Quare
281 2605 342 2671 hac
371 2609 614 2696 praepositione
651 2606 947 2694 comprehenditur
985 2606 1183 2670 continuum

110 2702 260 2778 tempus
268 2738 279 2768 ‚
300 2715 368 2758 non
385 2704 548 2780 punctum
565 2694 651 2775 eins,
673 2715 734 2756 nec
753 2695 941 2758 universnm
960 2702 1102 2776 tempus,
1124 2690 1182 2754 sed
1243 2705 1245 2712 '

127 2789 254 2842 certum
274 2777 407 2866 aliquod
427 2781 559 2845 alicuius
583 2779 759 2866 momenti.
803 2779 856 2842 Cf.
880 2779 1001 2844 Bremi.
1026 2777 1203 2868 ad,C·or-(

125 2863 195 2928 nels
225 2863 434 2939 Μ111.5,.1.
495 2865 708 2930 Grammatici
740 2873 847 2929 autem
887 2863 1025 2952 plurimi
1062 2861 1183 2926 docent

127 2951 269 3014 omnino
291 2950 380 3015 idern
408 2951 551 3038 exprimi
573 2951 672 3015 etiam
702 2949 794 3014 nudo
826 2950 984 3014 ablativo:
1016 2971 1092 3014 nam
1125 2948 1183 3034 qni
1218 2971 1220 2980 ’

126 3056 226 3098 usum
248 3035 382 3123 eiusque
406 3037 611 3100 conditiones
634 3034 819 3100 distinctius
843 3035 1058 3123 explicuerit,
1081 3056 1180 3120 prae·

126 3129 178 3185 ter
192 3121 359 3185 Kritzium
374 3121 683 3188 neminem'inveni.
727 3119 844 3206 Neque
868 3143 949 3186 vero
971 3142 1104 3207 semper
1123 3119 1182 3183 de-

126 3205 216 3270 finiri
247 3207 387 3293 poterit,
419 3207 475 3272 ubi
497 3209 680 3272 necessario
704 3205 791 3294 poni
818 3205 934 3272 debeat
962 3204 1182 3294 praepositio,
1225 3199 1229 3208 ’
1297 3243 1303 3250 -

128 3293 184 3356 sed
201 3294 333 3378 potins,
360 3292 417 3357 ubi
443 3317 478 3357 ea
495 3294 604 3358 omitti
628 3293 734 3378 possit
758 3301 814 3356 aut
837 3291 978 3357 debeata
1004 3290 1092 3356 Nam
1115 3299 1180 3356 'nc-

128 3379 310 3442 ccssitatem
327 3400 390 3442 una
405 3379 437 3444 in
457 3379 670 3442 continuitate
694 3378 855 3464 temporis
878 3375 1052 3442 indicanda
1075 3397 1181 3461 agno·

127 3464 261 3528 scimus.
304 3463 348 3531 In
365 3464 421 3528 die
439 3487 517 3552 ergo
535 3461 696 3552 significat
714 3485 774 3550 per
797 3463 901 3540 diem,
924 3464 961 3528 in
979 3461 1180 3528 adolescen-

129 3549 180 3613 tia
203 3559 252 3612 est
267 3572 329 3636 per
343 3560 474 3636 tempus
494 3549 738 3614 adolescentiae.
782 3548 846 3612 Sed
875 3551 995 3635 optimi
1020 3547 1180 3613 orationis

129 3645 277 3699 auctores
299 3657 368 3699 non
392 3659 521 3723 ponere
545 3634 694 3701 solebant
715 3635 1015 3721 praepositionem,
1040 3633 1097 3696 nbi
1120 3631 1181 3695 ad-

127 3719 299 3802 iectivum‚
332 3721 383 3785 vcl
409 3721 595 3800 numerale,
625 3721 676 3787 vel
704 3741 915 3807 pronomen,
945 3719 995 3784 vel
1020 3718 1182 3806 genitivus

129 3808 273 3871 nominis
285 3807 539 3891 adiungebatur:
563 3805 661 3870 veluti
677 3828 743 3870 unu
759 3817 909 3894 tempore
920 3805 991 3874 nic.
1002 3827 1036 3890 p.
1049 3804 1180 3868 Cluent.
1252 3865 1256 3872 ,

128 3893 167 3969 9,
184 3895 237 3956 28.
260 3902 413 3956 extrema
434 3889 589 3980 pueritia
610 3894 675 3957 Cic.
698 3891 738 3954 de
759 3893 838 3976 Leg.
857 3891 945 3956 Man.
964 3895 1020 3966 10,
1036 3895 1089 3954 28.
1118 3888 1179 3954 illo

130 3984 297 4064 tempore,
326 4001 391 4066 qun
421 3989 518 4043 nocte
539 3977 608 4041 Cic.
634 3977 674 4040 de
697 3977 773 4040 Nat.
793 3977 824 4040 d.
849 3982 885 4054 2,
906 3980 965 4056 27,
981 3979 1033 4039 69.
1059 3985 1181 4062 qraarto

131 4064 319 4128 consrilntn.
365 4064 434 4129 Cic.
453 4065 493 4130 do
507 4067 583 4129 Sen.
603 4067 654 4140 13,
667 4061 871 4149 ‘ils-‘Pyrrhi
884 4059 1090 4146 tempoeibus
1113 4060 1181 4125 Cic.
1203 4099 1205 4108 ‹

134 4146 173 4214 de
188 4152 263 4218 Diu.
283 4151 403 4235 2,56,
422 4154 491 4218 116.
519 4144 590 4214 ¹Cf.
614 4149 789 4237 Zumptius
812 4145 851 4212 ad
870 4147 937 4212 Cic.
953 4148 1045 4214 'Vera
1068 4151 1108 4226 a,
1130 4149 1184 4234 47,
1289 4233 1292 4238 Ι
