2856 4720
176 309 368 434 issa,
723 299 782 390 nt.

126 485 127 490 ’
230 477 305 547 124.
335 475 392 564 qni
415 497 486 542 rem
512 473 597 540 bene
619 474 803 562 perspexit.
857 473 1057 538 Adiecerunt
1088 493 1168 539 nero
1199 479 1285 554 tum,

254 583 335 628 uum
367 561 617 628 diuturnitatem
645 569 677 624 et
704 580 893 626 mensurum
927 560 1090 647 temporis
1122 559 1286 628 definitior

230 586 454 735 designabant.
494 649 647 715 Attamen
664 645 882 731 antiquissimi
906 656 1024 724 poetae
1050 655 1082 709 et
1107 648 1298 734 scriptores

207 739 210 748 '
232 734 301 799 eius
322 733 409 810 aevi,
427 734 462 798 in
483 754 549 819 quo
569 733 771 797 Graecorum
796 731 936 797 imitatio
961 732 1189 820 maximopere
1214 735 1286 820 pla-

131 831 134 836 '
232 818 317 891 cuit.
343 819 442 886 etiam
464 819 499 883 in
524 817 588 882 illis
613 816 1032 884 dictionibusudiiciebaut
1064 820 1287 905 praepositio-

231 925 322 970 nem.
363 903 408 972 Et
428 913 521 968 acute
538 902 688 972 Kritzius
713 902 780 969 iam
803 901 843 966 ad
856 901 993 970 ‘Sallust
1011 904 1080 971 Cat.
1099 903 1160 982 48,
1177 907 1209 970 5.
1229 927 1287 968 co·

230 989 364 1080 gnavit,
387 988 545 1054 vocabula
566 999 718 1073 tempus,
739 997 940 1073 tempestas,
971 1000 1087 1064 aetus,
1115 989 1189 1058 dies
1212 1012 1288 1054 oum

229 1072 477 1164 praepositione
501 1074 688 1160 composite
713 1094 810 1160 saepe
833 1093 901 1136 noa
925 1083 1055 1161 tempus
1078 1075 1207 1162 ipsum.
1231 1075 1287 1140 sed

231 1181 365 1236 rerum,
391 1182 474 1252 quae
493 1182 533 1224 eo
549 1170 704 1246 tempore
726 1157 825 1234 liant,
846 1153 1072 1228 conditionem
1095 1160 1287 1248 significare.

232 1243 273 1314 ld
295 1255 406 1310 tamen
435 1246 581 1334 pertinet
603 1254 729 1310 tantum
757 1245 797 1307 ad
822 1244 991 1324 Ciceronis
1015 1242 1289 1337 optimorumque

131 1382 133 1386 .
232 1333 295 1400 seri
323 1342 436 1400 torum
456 1353 573 1412 usum,
598 1329 693 1397 siauti
717 1329 833 1394 Cicero
859 1353 892 1416 p.
912 1331 1028 1412 Quint.
1049 1339 1084 1404 l,
1104 1338 1133 1395 t.
1159 1334 1290 1418 scripsit

233 1417 272 1486 in
311 1441 349 1481 aa
367 1428 537 1502 tempore:
561 1425 593 1479 at
609 1417 809 1482 recentiores
831 1437 920 1486 eum
935 1416 1169 1502 antiquissimis
1193 1440 1290 1504 gras·

235 1523 313 1570 oum
338 1501 477 1570 modum
499 1501 617 1572 imitati
642 1501 746 1564 sunt?
782 1499 912 1582 Quodsi
938 1503 1026 1568 enim
1057 1525 1171 1567 verum
1196 1515 1290 1585 esset,

236 1587 328 1678 quod
343 1587 492 1657 Kritzius
509 1586 606 1660 dicit,
628 1585 691 1651 nisi
707 1585 805 1666 haec,
829 1586 948 1672 quibus
967 1598 1096 1674 tempus
1112 1589 1145 1652 in
1160 1591 1292 1654 uniret·

160 1731 163 1738 .
233 1677 309 1738 sntn
324 1672 541 1764 exprimitur,
562 1669 763 1736 substantiva
786 1672 1013 1759 praedicatum
1039 1674 1203 1740 adiectum
1227 1675 1290 1741 ha-

130 1791 133 1798 ·
235 1757 353 1840 beant,
385 1780 451 1844 quo
478 1757 626 1825 conditio
652 1777 765 1824 rerum
793 1758 976 1834 indicetur,
1007 1759 1047 1828 in
1068 1761 1292 1847 praepositio-

109 1899 114 1912 .
233 1865 314 1912 nem
346 1844 423 1910 addi
442 1865 512 1929 uon
534 1865 651 1931 posse.
680 1841 753 1922 ille,
786 1865 870 1931 quae
897 1843 1054 1927 alienam,
1079 1847 1234 1940 exempla
1260 1858 1293 1916 et

191 1973 195 1980 ‚
223 1929 300 2000 'alia
315 1929 419 2000 multa
434 1929 520 1998 male
541 1951 575 1997 se
594 1928 764 1998 haberent.
937 1955 939 1961 ’
1132 1937 1134 1940 ’

337 2071 429 2128 ntaet.
445 2071 548 2127 Bueoh.
564 2067 597 2135 8,
613 2067 686 2133 M.
700 2070 759 2136 sesi
780 2087 831 2140 ega
851 2071 931 2124 istaes
951 2071 1042 2124 itidem
1062 2069 1091 2124 in
1111 2072 1292 2128 odolescentia.

302 2157 377 2230 quad
391 2174 445 2214 aaa
459 2160 500 2210 est
519 2143 569 2222 per
584 2153 813 2220 adolescentiam,
832 2155 880 2208 sed
897 2171 950 2224 ego
973 2155 1138 2210 adolescens.
1167 2163 1199 2210 ut
1219 2159 1290 2226 apud

306 2243 418 2300 Sueten.
440 2241 505 2300 Ner.
526 2237 554 2296 4.
589 2238 730 2296 Cornelius
751 2239 809 2292 sive
830 2239 878 2308 qui
904 2239 1011 2308 scripsit
1031 2240 1106 2294 Vitas
1123 2243 1209 2297 Phae.
1225 2242 1292 2308 4,1.

235 2359 238 2366 -
306 2329 374 2402 paud
396 2326 521 2383 aduersus
537 2325 630 2394 populi
655 2327 789 2378 commoda
813 2325 842 2379 in
861 2333 984 2380 senectute
1005 2334 1119 2380 steterat.
1167 2328 1239 2382 Num
1264 2328 1292 2385 in
1393 2330 1397 2338 '

306 2410 403 2474 Att.1‚
419 2408 445 2464 3.
469 2427 520 2480 qua
537 2427 568 2462 aa
588 2426 616 2462 re
633 2411 662 2461 in
675 2410 792 2478 pueritia
810 2410 903 2468 nobilis
920 2411 988 2464 inter
1009 2414 1128 2485 aequales
1144 2415 1293 2488 ferebatur.

302 2511 325 2549 e
340 2492 466 2563 plurimis
482 2492 621 2550 codicibus
638 2495 716 2552 abest
737 2497 775 2550 in.
805 2495 882 2546 Flos.
902 2491 984 2558 4‚=2‚
999 2492 1049 2576 11.
1061 2498 1090 2548 r'n
1104 2507 1186 2554 nacte.
1217 2475 1293 2552 liiris

266 2645 269 2649 ι
306 2578 368 2638 nte.
390 2580 476 2633 tristes
496 2580 598 2632 volvem
620 2579 649 2634 in
670 2586 744 2630 nocte
764 2577 889 2646 querelas.
914 2579 986 2646 qnod
1001 2578 1094 2636 videat
1113 2581 1237 2638 linitaius
1258 2599 1294 2636 aa

306 2664 391 2717 etiam
405 2663 566 2719 mutandum
581 2662 626 2728 sit,
651 2662 880 2730 quemadmodum
897 2663 975 2728 Flori
990 2665 1076 2722 verba
1090 2673 1220 2733 corrupta
1243 2686 1293 2736 pa-

307 2753 357 2804 tet.
394 2748 502 2800 Gellius
513 2746 548 2811 ii,
564 2744 607 2805 18,
631 2747 660 2802 in
675 2753 786 2823 veteram
803 2755 894 2806 aetate·
928 2749 1000 2807 Plin.
1017 2751 1090 2804 Hiat.
1108 2767 1133 2805 n.
1150 2749 1200 2815 li),
1217 2751 1251 2818 6,
1267 2749 1293 2807 l.

311 2833 453 2888 Vmbricius
471 2832 638 2901 haruspicum
659 2831 686 2882 in
699 2838 785 2887 nostro
800 2849 864 2888 aevo
883 2835 1064 2904 peritissimas.
1101 2835 1209 2891 Cornel.
1222 2835 1294 2892 Mitt.

307 2915 334 2982 5,
341 2907 377 2976 ’1.
394 2917 442 2974 irae
454 2916 483 2971 in
497 2924 608 2990 tempore
620 2915 695 2972 nullu
710 2917 805 2978 civitas
816 2918 1013 2974 Atheniensibus
1031 2921 1128 2974 unsilia
1145 2923 1202 2990 suit
1212 2941 1294 2992 prue-

306 3009 347 3060 ter
363 3002 536 3058 Plataesnses.
568 2999 694 3058 Bromius
713 2999 818 3056 invenit
827 3042 834 3070 ,
856 3020 908 3070 qno
925 3005 1155 3074 praepositionem
1176 3024 1294 3060 exeusa-

308 3091 372 3152 χοι,
385 3085 415 3144 in
433 3086 559 3151 pontiano
584 3077 715 3153 temporis
726 3087 842 3168 ¹spretio:
862 3106 914 3158 aga
933 3090 1050 3158 respicio
1073 3092 1295 3150 consuetudinem

307 3171 422 3228 saeculi.
465 3172 576 3230 Sueten.
598 3170 694 3229 claud.
715 3170 759 3226 18.
783 3190 813 3228 es
833 3190 863 3227 sa
890 3177 1048 3245 excogitavit
1076 3177 1112 3229 ad
1138 3177 1296 3235 tractandas

308 3260 387 3314 stiam
401 3258 555 3326 intempore
570 3257 676 3314 hiberna
692 3264 858 3312 commeatus.
875 3257 923 3314 ubi
938 3259 1066 3326 allililrri
1081 3261 1209 3320 omittunt
1223 3265 1261 3322 in.

338 3357 407 3418 Nan
432 3374 496 3414 rara
519 3357 684 3430 praepositio
714 3357 824 3416 additur
851 3360 1055 3429 pronominibus
1085 3371 1113 3421 et
1143 3366 1297 3424 adieetiv'is.

309 3442 366 3502 vid.
383 3444 513 3500 Amtzen.
530 3443 564 3498 ad
578 3445 672 3502 Aurei.
691 3443 761 3499 vtes.
782 3445 816 3496 da
834 3444 893 3502 vir.
914 3446 954 3504 ill.
970 3446 1020 3516 24,
1037 3446 1065 3508 t.
1090 3451 1121 3502 In
1143 3453 1184 3503 lais
1206 3454 1298 3508 diebus

308 3528 399 3587 Plani.
422 3527 500 3596 cept.
522 3527 555 3591 1,
569 3527 601 3593 2,
617 3526 660 3580 65.
677 3529 772 3596 inqua
786 3537 871 3584 aetate
894 3532 951 3586 Cia.
974 3534 1053 3586 Brut.
1067 3533 1119 3600 44,
1135 3534 1194 3593 161.
1221 3538 1251 3588 in
1266 3554 1298 3591 en

212 3629 215 3638 ’
296 3615 398 3672 'mate
414 3610 475 3666 Liv.
492 3612 519 3678 1,
533 3610 577 3677 51,
593 3613 618 3672 1.
638 3613 685 3666 ubi
700 3615 841 3670 Drakenb.
857 3614 883 3682 1,
899 3614 940 3682 18,
959 3616 984 3672 1.
1011 3626 1039 3675 ut
1056 3620 1085 3675 in
1101 3620 1149 3672 itta
1163 3623 1298 3692 qaisquam

311 3706 400 3756 anate
414 3714 467 3752 erse
481 3706 596 3768 poterat.
620 3697 699 3755 ovid.
714 3700 784 3754 lter.
801 3699 845 3766 21,
861 3698 905 3759 65,
926 3701 955 3753 in
971 3703 1016 3756 illo
1030 3711 1150 3776 tempore.
1184 3705 1298 3764 Terent.
1409 3717 1410 3728 ¹

312 3783 397 3840 Andr.
414 3781 440 3848 t,
455 3779 481 3848 5,
497 3782 540 3838 tt.
560 3785 619 3838 nala
635 3801 675 3838 sne
690 3784 844 3858 intempore
859 3786 1011 3845 haeddeat
1027 3806 1111 3843 sense.
1145 3788 1203 3846 Cir.
1218 3791 1298 3846 Brut.

313 3867 357 3931 93,
373 3865 434 3923 320.
454 3868 483 3920 in
496 3868 536 3924 isis
553 3876 612 3938 past
630 3869 788 3924 aedilitatem
809 3870 894 3926 annis.
929 3869 963 3922 ad
985 3871 1063 3923 Fam.
1080 3871 1131 3937 15,
1149 3872 1201 3937 16,
1216 3873 1242 3930 6.
1270 3876 1299 3926 in

311 3951 359 4009 toa
378 3967 454 4008 anna.
490 3951 553 4009 Alia
569 3953 643 4022 apud
660 3951 790 4006 Beiernm
812 3954 847 4011 ad
864 3954 921 4014 (lie.
936 3956 970 4008 de
986 3954 1040 4011 Off.
1054 3957 1081 4024 a,
1095 3957 1146 4023 25,
1163 3956 1207 4015 95.
1228 3965 1257 4014 et
1270 3958 1300 4014 iu

314 4034 453 4095 Guntheri
465 4035 558 4092 'lentim
573 4035 691 4092 restitut.
708 4034 735 4102 1,
747 4035 774 4088 2.
791 4055 817 4106 p.
832 4036 893 4096 504.

344 4137 458 4197 Terent.
473 4138 556 4197 Andr.
569 4136 596 4205 4,
616 4137 643 4206 5,
660 4137 703 4195 24.
727 4141 754 4198 in
771 4149 887 4214 ternpore
904 4144 962 4200 tos.
980 4141 1030 4201 niti
1045 4143 1192 4202 Ruhnken.
1207 4143 1299 4206 Tacit.
