2856 4720
571 314 741 426 imm
854 378 940 442 „a
1126 365 1191 430 mr

132 518 138 524 '
217 516 252 580 4.
275 513 376 580 Ilicet
395 509 490 598 dicit,
511 481 623 600 quiin
644 512 754 601 alique
770 535 809 580 re
826 500 979 582 coniecta
1003 518 1193 606 acquiescit,

132 623 273 691 comque
288 601 329 666 ad
347 599 448 666 finem
471 599 666 689 perductam
683 599 873 688 profitetur.

216 703 330 767 „Pleut
343 703 424 774 Epid.
439 702 467 769 5,
484 703 568 769 2,1s.
587 704 676 760 ilicet:
691 705 872 758 undimocium
888 702 960 755 ultro
975 704 1041 758 mttt
1051 708 1133 782 facit.

149 884 153 898 ,
209 819 250 882 ὁ.
270 816 359 882 Haec
374 816 487 880 omnic
503 815 544 879 cd
559 836 656 878 usum
675 814 884 879 comicorum
900 814 1080 900 pertinent.
1106 817 1196 894 Ora.-

131 909 224 967 tores
242 923 428 988 numquam
445 902 490 965 ite
507 901 636 987 loquuti
654 911 747 974 sunt,
771 899 898 964 etiamsi
914 899 1095 966 Palmerius
1120 905 1196 990 qui.

116 986 274 1060 ,busdam
299 988 422 1058 criticis
443 986 606 1076 persuasit
632 986 723 1074 apud
746 985 938 1050 Sallustium
967 983 1037 1072 lug.
1053 991 1107 1052 41.
1138 1013 1197 1055 re-

131 1073 338 1139 stituendum
364 1093 435 1136 esse
459 1072 552 1137 ilicet
577 1093 642 1158 pro
667 1072 810 1136 scilicet.
863 1069 929 1134 Sed
946 1083 1065 1157 poetae
1089 1093 1197 1162 etigu-

130 1161 220 1223 stcni
237 1159 327 1240 aevi,
350 1158 550 1238 oblitterata,
568 1168 605 1222 ut
623 1157 769 1236 videtisr,
793 1156 927 1244 antiqua
946 1157 1197 1246 significatione,

88 1285 91 1292 ,
128 1244 338 1330 usurpabunt
354 1243 422 1308 hoc
441 1243 638 1322 vocabulum
654 1247 688 1309 in
705 1243 852 1307 rerittico
873 1243 999 1330 agendo
1025 1245 1074 1309 vel
1100 1269 1197 1312 acce-

100 1329 281 1394 'leranda
325 1329 458 1414 Servius
484 1328 525 1392 nd
547 1328 635 1414 Virg.
661 1331 744 1393 Aen.
761 1333 803 1408 2,
821 1329 896 1392 224.
920 1328 1064 1416 explicat
1087 1333 1196 1398 verbis

127 1434 203 1486 non
227 1413 307 1486 setis
327 1414 413 1502 aptis
435 1409 626 1502 confestim,
651 1435 731 1478 mcx
755 1423 786 1477 et
805 1415 844 1476 nd
862 1417 901 1490 2,
922 1419 995 1480 758.
1022 1416 1197 1508 comparat

128 1499 238 1564 illico.
289 1500 523 1566 Et'Chcrisius
546 1500 582 1564 in
610 1498 819 1564 conferendo
845 1500 985 1588 antiquo
1020 1523 1082 1567 usn
1117 1505 1197 1570 dicit

130 1584 443 1673 opud'Terentium
466 1585 561 1650 ilicet
584 1603 655 1650 non
678 1607 747 1651 esse
766 1585 810 1649 -in
830 1584 905 1649 lccc
927 1598 989 1651 aut
1015 1590 1138 1656 statim
1162 1602 1197 1658 et

129 1672 314 1738 continuos
348 1680 380 1735 et
406 1693 441 1759 p.
466 1675 539 1738 180.
566 1669 665 1736 haec:
702 1671 804 1735 Mara
828 1669 1011 1738 undecimo
1039 1676 1197 1764 (etos.)

130 1755 227 1820 ilicet
244 1757 282 1820 in
296 1778 412 1823 muros
429 1755 636 1823 discurritur
658 1755 760 1820 arte:
792 1754 850 1819 ati
875 1755 993 1822 Celsus
1015 1783 1106 1826 nrrnc
1124 1787 1196 1850 pro
1340 1825 1342 1832 Α

132 1841 241 1922 illico,
259 1841 299 1917 id
315 1853 364 1908 est
375 1863 391 1917 ,⁴
406 1843 548 1908 statim:
571 1843 707 1942 antiqui
718 1863 788 1928 pro
805 1863 864 1905 ecs
881 1843 971 1910 licet.
1014 1845 1116 1915 Ilicet
1124 1865 1203 1936 prc'
1319 1849 1323 1858 ’

129 1949 232 1992 natac.
277 1925 377 1995 Addit
400 1939 500 1994 vero:
531 1925 703 2014 Afranius
730 1949 768 1990 m
793 1927 1141 2018 Materteriscquitm
1164 1929 1196 2000 is

129 2011 271 2092 balbum
303 2035 412 2100 stupra
442 2011 584 2080 modum
610 2011 779 2077 disserere
802 2023 984 2078 conantem
1010 2015 1218 2096 laudaret.-x

131 2121 181 2162 arr
216 2111 253 2164 tu
285 2098 443 2188 eloqueris
471 2097 587 2163 iiic'ets
617 2097 656 2162 iet
689 2091 739 2162 'est
771 2093 885 2161 subito
918 2111 981 2163 aut
1013 2106 1195 2190 extemplo.

128 2182 248 2249 Fuitne
263 2185 364 2272 igitur
382 2182 678 2272 haec'signiiicatic
699 2184 764 2246 iarn
784 2184 923 2269 antiquo
948 2195 1104 2274 tempore
1124 2201 1195 2276 sta-

22 2308 26 2312 ·
119 2269 248 2343 otuu?
294 2270 458 2360 Equidem
478 2293 548 2334 non
575 2269 810 2336 affirmaverim
835 2270 875 2334 de
899 2271 994 2335 bonis
1018 2277 1196 2363 scriptori·-
1262 2346 1265 2355 ¹

130 2356 203 2426 bus.
248 2357 477 2434 Sed-videntur
494 2357 560 2422 inm
578 2358 660 2422 olim
677 2355 837 2420 vocabula
852 2356 946 2422 ilicet
961 2367 993 2421 et
1009 2360 1104 2426 illico
1120 2364 1195 2428 vul*
1278 2358 1284 2382 '
1333 2364 1366 2396 ·’

101 2510 105 2519 Δ
130 2443 202 2528 gari
217 2462 375 2510 sermone
393 2453 615 2520 commutata,
633 2453 664 2507 et
679 2441 760 2505 illud
778 2443 821 2505 ob
839 2442 1090 2512 similitudinem
1116 2448 1195 2518 for-

130 2551 206 2594 mae
231 2525 273 2594 nd
299 2529 438 2616 stirpem
466 2529 619 2594 vocabuli
645 2528 726 2604 ilico
749 2527 816 2594 sive
837 2528 931 2594 illico
949 2531 1089 2597 relatum
1113 2557 1195 2604 esse.

129 2615 281 2700 Denique
298 2625 501 2684 evanuerunt
517 2613 655 2704 originis
671 2615 822 2708 uestigia,
844 2627 877 2679 et
899 2627 1019 2709 poetae
1041 2619 1196 2694 dicebant

129 2690 320 2790 prdillicc.
521 2709 523 2713 ’
647 2715 653 2737 .

235 2821 337 2892 Virgil.
350 2820 419 2877 Aen.
434 2819 462 2888 8,
480 2817 542 2876 223.
554 2802 632 2890 sagit
646 2821 717 2875 ilicet
741 2809 812 2882 ccicc
831 2824 906 2889 Euro
927 2825 1128 2894 speluncamque
1146 2841 1196 2896 pe·

201 2908 243 2962 tit.
277 2907 305 2980 2,
321 2905 382 2960 tce.
398 2907 468 2962 ilicet
487 2907 560 2976 ignis
578 2907 645 2962 edat
662 2923 764 2961 summa
780 2908 816 2964 ad
836 2909 958 2978 fastigia
978 2917 1051 2968 cento
1073 2912 1194 2974 volvitur,
1367 2961 1371 2965 ,

141 3047 149 3064 ,
202 2993 231 3058 2,
246 2990 308 3052 224,
327 2988 399 3048 tttcet
414 2991 549 3046 obruimur
569 2985 685 3050 numero.
719 2988 836 3055 7,583.
857 2991 962 3050 Tibutt.
984 2993 1196 3063 2‚tt,15.acer
1307 3051 1309 3056 ,
1426 3037 1427 3040 ,

201 3081 299 3141 Amor,
311 3080 417 3144 fractas
432 3077 549 3140 uticam,
565 3077 697 3140 tuatela,
716 3078 834 3146 sagittae
852 3078 923 3155 ilicet
937 3081 1077 3135 exstinctas
1103 3082 1196 3152 adspi-
1287 3132 1292 3144 ,

202 3164 317 3232 clamque
327 3165 413 3246 seces.
447 3160 517 3244 Stat.
533 3161 625 3218 Theb.
641 3161 666 3228 1,
685 3159 729 3219 92.
747 3163 820 3221 ilicet
839 3162 903 3236 igne
915 3163 984 3220 locis
1004 3165 1135 3240 lapsisque
1156 3165 1196 3224 ei·
1295 3183 1307 3202 κ

142 3321 149 3328 .
201 3248 286 3306 latior
303 3250 382 3318 astris
398 3247 511 3304 tristibus
530 3249 621 3305 exiluit
635 3249 713 3319 ripis.

64 3351 69 3358 ’
124 3379 148 3414 ¹-
216 3361 246 3426 6.
274 3357 388 3424 Festus
413 3379 482 3424 non
508 3356 668 3446 oppositis
692 3355 856 3453 exemplis
871 3355 974 3426 ‚ilicet
1000 3379 1069 3422 esse
1091 3356 1195 3423 tradit

134 3442 207 3508 sice
235 3441 350 3509 darbia.
391 3442 548 3508 Ducerius
570 3439 757 3532 suspicatur
783 3462 857 3516 eum
880 3443 1044 3530 respicere
1068 3443 1107 3508 ad
1124 3443 1195 3508 Te-

33 3589 35 3593 ,
133 3539 220 3593 rcnt.
244 3529 331 3596 Eun.
361 3535 391 3608 t,
410 3536 439 3607 1,
456 3533 486 3600 9.
511 3541 627 3594 cattam
651 3540 722 3598 est:
744 3527 858 3596 ilicet:-
871 3530 1007 3618 peristi.
1051 3532 1092 3598 At
1120 3528 1195 3600 Gcs

126 3614 310 3692 thofredus
332 3614 428 3688 affert
444 3615 587 3703 glossam
603 3614 708 3684 hano:
733 3614 846 3693 ilicet,
869 3615 1018 3696 scilicet,
1040 3615 1115 3706 siae
1131 3613 1194 3678 dte·
1232 3607 1236 3618 “

133 3698 196 3766 bic.
244 3699 476 3786 Quamobrem
500 3723 649 3768 errorem
675 3721 717 3764 ex
750 3700 867 3764 vitiosa
889 3703 1053 3787 scriptura
1078 3709 1194 3769 ortum

133 3786 347 3874 putabimus:
385 3789 536 3870 Attamen
566 3785 748 3852 Palmarius
773 3783 928 3874 Spicileg.
955 3809 990 3873 p.
1013 3788 1088 3863 849.
1126 3784 1193 3864 hoo

134 3873 268 3959 quidem
285 3869 469 3960 significatu
487 3871 580 3956 ilicet
598 3873 723 3942 restitui
744 3872 838 3941 iussit
859 3872 894 3942 in
922 3871 1059 3942 'serent
1080 3870 1141 3941 Ad.
1161 3873 1194 3960 5,

134 3959 164 4042 4,
179 3963 234 4025 20.
258 3959 314 4024 ubi
331 3969 418 4022 recte
437 3960 556 4045 legitur
570 3958 710 4028 scilicet.
1058 4004 1063 4010 ,

216 4045 248 4129 t)
274 4046 485 4110 Commutato
506 4055 585 4110 sunt
612 4067 630 4114 a
654 4043 795 4111 librariis
814 4043 912 4110 verba
938 4041 1079 4111 scilicet.
1124 4041 1193 4115 vtd.

131 4128 271 4198 Bentlei.
289 4131 328 4196 cd
351 4130 489 4196 Terent.
514 4129 616 4200 Andr.
639 4130 671 4216 5,
688 4135 720 4216 ὃ.
736 4130 768 4200 5.
790 4139 823 4198 et
845 4129 949 4219 illico.
994 4129 1059 4202 rit.
1075 4120 1193 4222 Virgtt.

137 4215 572 4325 mmmem.-
1064 4245 1068 4269 ν
