2846 4724
233 334 297 402 238
717 325 784 398 ΙΝ..
811 340 814 346 ’

318 489 350 554 7.
367 479 415 553 ¹In
431 480 638 570 praesentia
661 490 694 547 et
712 482 752 548 ia
768 481 950 570 praesenti
969 478 1125 545 omnibus
1148 482 1297 568 scripto-

231 573 323 640 ribus
340 575 478 637 usitatae
501 577 579 631 sunt
595 567 774 650 dictiones,
795 589 996 657 quamquam
1022 568 1123 631 Henr.
1151 565 1297 656 Stepha-

189 665 192 672 ’
232 681 295 724 nus
313 659 347 724 in
366 653 602 721 Pseudo-Cic.
621 676 654 740 p.
672 658 725 720 98.
750 656 793 719 ob
810 655 997 740 analogiam
1015 673 1297 739 graecorum-ver-

233 745 356 810 borum
381 745 478 828 16τῷ
500 739 628 824 παρόντι
653 762 772 806 omnes
795 741 908 820 locos,
930 738 1103 826 inquibus
1128 739 1165 802 in
1186 761 1296 826 prue-

234 832 348 894 sentia
373 828 559 905 invenerat,
584 839 753 913 suspectos
778 849 847 891 esse
867 827 1052 890 contendit.
1097 825 1195 889 Multi
1220 828 1297 891 inde

233 917 431 980 exstiterunt
448 910 652 1000 defensores.
694 913 760 979 vid.
785 912 952 978 Borrichii
975 911 1126 999 Append.
1152 912 1192 975 ad
1218 914 1298 978 Cur.

106 1073 108 1082 Ι
136 1015 139 1026 ·
195 1074 200 1084 ¹
258 1011 321 1066 ost.
351 997 886 1086 061161.6.7.Ρ.82.1)1111161111.
914 998 952 1062 ad
977 998 1045 1062 Liv.
1068 1002 1128 1080 33,
1155 1003 1213 1075 13,
1242 1004 1297 1062 13.

231 1025 438 1161 §obscaenius
457 1084 496 1148 ad
516 1081 596 1148 Plio.
612 1081 690 1146 Pan.
712 1089 763 1166 15,
779 1088 810 1150 5.
831 1082 963 1150 Hechtii
984 1084 1071 1148 Diss.
1090 1083 1130 1145 de
1147 1081 1296 1148 formula

153 1223 159 1231 ,
231 1171 542 1260 impraesentiarum
561 1174 592 1234 9.
612 1180 643 1232 61
664 1175 714 1235 10.
758 1167 878 1234 Caesar
898 1190 961 1234 una
987 1168 1049 1234 hac
1070 1167 1295 1236 1616166661-

230 1273 292 1347 per
309 1268 357 1322 est
374 1278 474 1329 usus,
493 1253 603 1338 Livius
621 1277 790 1352 persaepe.
813 1255 879 1320 vid.
897 1253 1067 1321 Drakenb.
1084 1251 1124 1320 ad
1140 1261 1173 1334 2,
1189 1257 1243 1332 44,
1260 1261 1292 1320 2.

231 1355 265 1409 61
283 1343 322 1407 ad
340 1347 371 1420 8,
387 1349 417 1421 7,
432 1348 486 1408 22.
526 1341 757 1428 Opinionem,
776 1365 793 1406 a
813 1339 919 1406 Nauta
938 1339 979 1405 ad
1005 1341 1118 1408 Seuec.
1143 1339 1183 1402 de
1206 1342 1294 1404 Pro-

230 1429 298 1494 vid.
318 1436 347 1494 l.
363 1438 395 1492 et
411 1453 429 1492 a
445 1429 574 1490 Cruceo
593 1428 822 1512 propositam,
843 1426 1092 1512 inpraesentia
1110 1448 1178 1490 esse
1195 1448 1292 1490 aceu-

229 1515 384 1592 sativum,
397 1511 537 1577 refutavi
554 1513 621 1576 iam
638 1512 671 1574 in
687 1512 776 1575 notis
793 1513 833 1576 ad
852 1514 1000 1578 Gronov.
1013 1511 1152 1578 Etench.
1170 1535 1203 1599 p.
1214 1518 1289 1576 261.

228 1604 416 1666 assentitur
430 1596 650 1663 Doederlinus
669 1597 702 1660 in
723 1598 914 1685 Synonym.
937 1599 981 1664 T.
1002 1607 1030 1663 1.
1057 1621 1089 1686 p.
1107 1599 1177 1663 141.
1223 1598 1291 1661 Sed

230 1685 271 1751 de
295 1685 484 1766 discrimine
507 1681 686 1748 verborum
712 1684 750 1748 111
772 1683 951 1771 praesenti
972 1694 1005 1748 et
1027 1683 1065 1748 111
1086 1683 1293 1769 praesentia

230 1781 361 1844 exstant
379 1771 526 1838 virorum
548 1768 726 1832 doctorum
743 1772 923 1835 sententiae
939 1791 1077 1857 prorsus
1095 1770 1293 1846 contrariae.

230 1857 490 1941 Oudendorpius
510 1855 599 1919 enim
615 1854 657 1918 ad
673 1856 741 1919 Cic.
762 1855 802 1920 de
819 1855 889 1920 lnv.
908 1863 945 1935 1,
964 1861 1015 1920 17.
1039 1855 1291 1940 quumeodices

136 1978 139 1984 ¹
181 2013 184 2020 ,
228 1966 284 2010 sae
310 1943 421 2008 issime
445 1942 632 2028 discrepare
655 1940 807 2016 vidisset,
830 1941 978 2028 regulam
1002 1940 1080 2006 feeit
1104 1940 1208 2006 hanc:
1232 1941 1291 2004 ubi

229 2029 270 2094 de
286 1966 465 2094 1611ιί116111
482 2038 516 2092 et
528 2048 643 2091 rerum
665 2025 853 2114 praesentia
876 2049 989 2092 sermo
1013 2029 1074 2108 sit,
1097 2025 1197 2092 latine
1224 2026 1290 2090 diei

227 2115 492 2200 inpraesentia,
515 2111 572 2177 ubi
588 2123 699 2177 autem
717 2113 757 2176 de
773 2123 840 2177 tem
845 2135 938 2200 pore,
959 2109 1117 2212 usurpari¹
1129 2113 1167 2175 in
1178 2133 1291 2198 prue-

226 2201 329 2265 senti.
380 2202 507 2264 Contra
533 2220 620 2280 ,vero
646 2197 866 2263 Doederlinus
888 2200 1004 2280 docet,
1027 2221 1065 2262 111
1064 2201 1291 2346 ά1166661116

227 2288 268 2351 de
284 2297 440 2374 ternpore
455 2285 621 2372 praesenti
638 2284 720 2364 dici,
740 2284 802 2347 1166
818 2293 989 2372 tempore,
1009 2280 1048 2347 in
1090 2305 1140 2347 em
1183 2305 1297 2372 egere-=

226 2373 402 2459 sectrtigen
417 2369 646 2457 Augenbliclr,
669 2369 728 2434 sed
746 2368 851 2434 verbis
868 2371 905 2434 111
921 2369 1105 2457 praesenti
1126 2393 1142 2432 a
1171 2371 1289 2435 haers-

224 2460 453 2523 renationem
473 2455 673 2521 conditionis
698 2477 813 2522 rerum
834 2457 902 2520 sive
929 2456 1216 2528 circumstantiae,
1247 2455 1286 2519 111

225 2544 288 2608 1166
303 2555 471 2630 tempore,
498 2554 598 2606 1111161
612 2543 904 2629 gegenwdrtrgren
922 2539 964 2604 V
959 2539 1154 2608 mstcirtden.
1184 2540 1288 2604 Wol-

224 2627 288 2692 fius
313 2629 440 2700 adCic.
454 2627 556 2691 Tusc.
580 2633 663 2705 1,7‚
681 2629 730 2690 14.
751 2628 791 2692 de
817 2627 945 2696 tatione
970 2628 1113 2714 quadam
1136 2626 1290 2714 loquitur¹

225 2714 415 2791 recou'dita,
448 2734 548 2798 quam
571 2722 682 2775 tamen
709 2734 805 2776 more
827 2734 888 2777 suo
919 2733 987 2775 non
1014 2713 1165 2800 exponit.
1215 2711 1285 2776 Nos

224 2819 477 2898 percenseamus
498 2797 636 2882 singula.
677 2797 1039 2885 Nominapraesentia
1065 2808 1097 2862 et
1113 2817 1284 2884 praesens

224 2908 260 2949 1n
285 2885 346 2950 hac
372 2883 517 2948 dictione
541 2883 625 2946 nihil
649 2882 823 2949 differunt:
846 2906 925 2947 nam
949 2883 1040 2969 quod
1064 2882 1285 2948 Doederiiuus

225 2981 363 3048 monet,
403 2969 544 3058 alterum
583 2969 744 3034 abstracta
769 2971 909 3033 notione
940 2980 1110 3048 constare,
1141 2969 1285 3034 alterum

225 3065 399 3133 concreta,
419 3054 549 3120 minimi
570 3065 619 3119 est
643 3057 822 3137 momenti,
845 3055 1005 3142 quoniam
1027 3077 1193 3140 praesens
1219 3077 1284 3142 pro

223 3141 426 3210 substantivo
445 3141 594 3228 positum
611 3139 807 3206 abstractam
823 3141 857 3204 in
873 3140 1024 3206 sehabet
1040 3141 1227 3217 notionem,
1252 3151 1284 3204 et

217 3227 422 3314 praesentia
451 3227 683 3313 complectitur
712 3250 763 3293 res
791 3237 998 3316 praesentes,
1051 3226 1169 3312 Neque
1197 3226 1284 3290 illud

226 3334 338 3378 verum
364 3323 431 3392 est,
461 3313 551 3398 quod
576 3311 737 3394 traditur,
760 3312 1000 3400 inpraesenti
1021 3312 1107 3399 apud
1133 3303 1282 3412 optimos

223 3401 402 3484 scriptores
419 3419 583 3462 annexam
602 3396 724 3463 habere
738 3398 911 3464 notionem
929 3419 1042 3464 rerum
1065 3397 1282 3462 conditiona-

221 3484 308 3564 lem,
331 3505 399 3546 non
415 3483 679 3568 inpraesentia.
723 3483 794 3549 Liv.
820 3485 872 3558 45,
894 3489 1017 3562 23,17.
1040 3484 1127 3548 satis
1143 3481 1282 3570 quidem

221 3581 255 3636 et
274 3582 354 3635 tunc
368 3569 620 3656 inpraesentia
638 3569 817 3656 castigata
834 3570 899 3634 itta
923 3569 1057 3657 legatio
1085 3579 1181 3660 eret,
1205 3591 1282 3631 611111

223 3667 298 3721 tam
313 3655 407 3721 tristi
420 3676 581 3740 responso
602 3666 710 3720 uestro
726 3655 884 3720 dimissa.
929 3658 1025 3731 Vsus,
1048 3655 1103 3742 qui
1119 3655 1154 3717 in
1168 3653 1282 3718 forma

222 3741 476 3829 inpraesentia
492 3739 702 3827 frequentior
726 3752 792 3821 est,
816 3751 847 3804 ct
870 3740 955 3805 ratio
979 3741 1018 3805 ad
1044 3750 1186 3828 quatuor
1214 3751 1308 3803 116-’

222 3830 314 3892 mina
330 3825 450 3892 referri
468 3836 589 3912 potest,
632 3825 783 3890 Primum
801 3825 921 3891 dieitur
940 3826 980 3891 dc
1003 3836 1157 3913 tempore
1180 3847 1280 3912 prac-

220 3916 324 3993 senti,
357 3923 394 3976 ut
409 3912 451 3976 sit
471 3913 533 3976 1166
553 3922 722 3998 ternpore,
744 3935 834 3978 nunc
858 3912 1024 3991 absolute,
1047 3922 1079 3977 et
1101 3932 1280 3999 opponan-

219 4009 275 4062 tur
293 4009 393 4084 post,
417 3996 619 4083 postmodo,
651 3995 786 4076 deinde.
838 3997 928 4064 Tum
958 4007 1089 4086 tempus
1123 4017 1280 4084 praesens

141 4087 144 4094 ’
220 4083 403 4148 secluditur
426 4083 489 4159 ita,
521 4096 558 4146 ut
580 4082 620 4146 ab
647 4085 805 4149 continuo
830 4095 886 4149 aut
906 4082 1023 4148 futuro
1045 4093 1201 4172 tempore
1225 4081 1280 4144 di-

140 4225 145 4236 .
219 4169 406 4256 stinguitur
418 4177 452 4232 et
471 4167 706 4254 restringatur,
726 4170 818 4257 quod
833 4169 992 4237 Germani
1011 4168 1195 4256 loquuntur
1219 4185 1279 4233 vor
