2856 4720
566 269 728 390 unco.
1080 260 1176 388 “207

342 539 371 570 .
437 491 785 584 innuo,

204 655 343 724 Plurimi
364 651 574 756 grammatici
603 652 736 729 nostri,
772 648 1004 718 Tursellinum
1030 651 1197 740 sequuti,¹

120 740 308 810 docuerunt
325 732 419 807 illico
438 763 508 806 esse
525 739 563 806 in
578 739 664 807 loco.
708 737 796 804 Nom
813 738 904 826 quod
922 739 958 803 in
974 749 1091 824 quarto
1107 739 1176 804 edi·

120 829 214 894 iione
235 828 416 896 Schwurzii
436 826 558 924 legitur
580 825 620 891 id
641 825 733 907 loco,
756 847 869 892 errore
891 821 1099 974 tqpcgrephi
1120 823 1178 890 fu-

120 925 212 980 ctum
227 925 323 1004 puto.
365 912 405 977 In
428 921 543 999 quinta
567 923 675 978 nutem
700 911 812 986 nescio
839 933 882 976 un
918 911 1073 976 'rnestius
1095 912 1178 976 scri-

117 1000 223 1090 pserit
244 1000 339 1065 illico
364 1019 435 1064 csse
457 997 518 1062 illo
541 997 634 1062 loco:
656 1019 718 1062 nce
743 998 815 1061 sine
838 1017 962 1061 causeo.
1008 995 1062 1059 Vis
1087 997 1178 1060 enim

119 1085 381 1152 demonstrativo
408 1101 506 1170 coepe
528 1085 564 1148 in
586 1083 652 1148 hoc
679 1083 817 1148 numine
840 1092 972 1148 tunium
1003 1081 1108 1163 volet,
1139 1091 1179 1146 ut

119 1171 305 1237 Grimmius
329 1171 375 1250 in„
390 1169 576 1237 Grommut.
600 1191 750 1256 german.
772 1168 814 1233 Τ.
829 1174 861 1234 8.
884 1191 918 1256 p.
936 1169 1010 1233 197.
1030 1166 1113 1232 odeo
1136 1166 1178 1233 ub

115 1256 195 1322 illic
211 1254 329 1320 deduci
348 1255 521 1322 maluerit:
553 1255 642 1340 quod
662 1254 835 1342 quomodo
854 1253 928 1318 fieri
950 1262 1081 1340 posset,
1104 1252 1177 1340 ipse

115 1365 190 1408 non
207 1341 457 1407 demonstravit.
500 1339 617 1427 Neque
639 1345 858 1414 vero'omnes
884 1335 1095 1404 difficultates
1117 1359 1176 1406 re-

114 1437 297 1494 moverunt
312 1425 345 1507 ii,
370 1426 423 1512 qui
443 1427 551 1508 ἔμπας.
572 1447 614 1490 ex
630 1427 665 1491 ἒν
680 1431 755 1490 πᾶσι
772 1436 900 1506 nalum,
924 1423 1175 1512 computabunt,

116 1525 175 1578 out
197 1513 340 1585 alterum
363 1511 455 1576 eloco
479 1513 546 1580 sive
569 1534 587 1575 e
609 1511 682 1577 loco
705 1511 926 1576 adstruebunt.
968 1507 1098 1576 Nonius
1118 1533 1176 1574 1n-

114 1608 321 1687 terpretatur
334 1619 396 1686 ¹per
412 1597 485 1662 illo.
528 1595 594 1662 Sed
612 1598 745 1662 Plautus
764 1597 845 1662 dixit
862 1596 937 1662 illic
954 1595 1104 1662 ,adstote
1128 1596 1177 1660 il-

118 1685 197 1769 lico.
248 1683 288 1749 In
315 1685 636 1770 quocumqueeuim
658 1683 772 1772 lingue
799 1683 968 1764 interdum
998 1683 1176 1770 opiniones

119 1771 161 1836 de
175 1768 289 1836 indole
306 1768 547 1834 vocabulorum
562 1777 651 1834 recte
668 1782 724 1834 out
736 1781 862 1834 temere
879 1779 1059 1856 conceptae
1076 1790 1174 1834 usum

117 1857 268 1923 formant
288 1877 324 1919 oc
349 1865 499 1934 mutant,
520 1876 582 1920 nec
604 1856 721 1920 omnio
743 1866 904 1942 reguntur
925 1856 1066 1920 ratione.
1111 1855 1175 1918 Se-

122 1964 263 2031 quemur
284 1941 386 2040 igitur·
407 1940 562 2020 Festum,
597 1941 655 2028 qui
678 1941 774 2006 dicit:
800 1941 954 2006 codec'ei
978 1941 1102 2020 credes,
1121 1952 1175 2005 ιιιι

121 2031 168 2094 ric
184 2049 253 2115 pro
275 2049 307 2090 cr
330 2027 398 2107 vic,
421 2038 456 2092 et
480 2026 574 2091 illico
592 2047 661 2112 pro
683 2027 721 2091 in
742 2026 838 2091 loco.-
859 2025 957 2113 utque
979 2037 1161 2090 statuamus

121 2115 214 2180 illico
239 2134 443 2200 quemquam
469 2110 596 2176 fuctum
620 2113 662 2186 sit
687 2107 730 2176 cx
750 2112 788 2176 in
810 2111 905 2192 loco,
931 2123 1044 2175 tumen
1065 2111 1109 2175 ito
1133 2062 1175 2176 ud

119 2221 216 2266 usum
241 2196 531 2271 accommodari.v
568 2197 636 2262 nusi
660 2197 787 2262 dicutur
809 2197 870 2263 illo
894 2197 932 2262 in
955 2197 1038 2262 loco.
1083 2196 1174 2277 Qui-

122 2287 196 2352 dum
212 2275 395 2373 scriptores'
407 2303 510 2368 quum
526 2221 620 2349 iiiico
639 2284 679 2348 ud
699 2295 831 2371 tempus
855 2281 982 2349 referre
1005 2282 1094 2347 soliti
1117 2304 1173 2347 ee-

120 2381 213 2446 sent,
236 2369 277 2436 de
300 2367 374 2434 loco
394 2367 544 2433 dicebant
559 2369 598 2434 in
620 2368 708 2434 loco.
749 2369 798 2434 ltu
824 2367 987 2451 Tacitus,¹
1003 2369 1061 2456 qui
1085 2370 1173 2433 Aun.

123 2465 160 2538 1,
186 2460 240 2522 63.
271 2467 390 2520 castra
412 2455 538 2520 metari
559 2455 597 2520 in
626 2455 699 2522 loco
720 2453 866 2542 placuit.
888 2456 1035 2542 itemque
1058 2455 1099 2534 4,
1117 2457 1172 2519 47.

121 2549 172 2621 13,
189 2544 242 2607 41.
261 2541 316 2606 sed
335 2539 429 2606 illico
446 2541 487 2606 de
510 2551 664 2631 tempore
679 2551 852 2632 proesenle
875 2545 916 2624 2,
934 2545 965 2608 8.
989 2546 1048 2622 18,
1065 2541 1117 2605 52.
1140 2549 1182 2616 et,

119 2629 261 2695 fortusse
278 2626 366 2698 olibi.
411 2627 523 2692 Sicubi
538 2629 572 2692 in
596 2627 688 2693 libris
716 2627 878 2693 veteribus
902 2631 1065 2714 scriptum
1087 2625 1174 2712 legi-

118 2725 175 2780 tur
188 2713 287 2792 ilico,
310 2722 366 2778 eut
381 2711 618 2800 compendium
636 2725 686 2779 est
702 2713 883 2792 scribendi,
910 2723 966 2778 out
982 2710 1114 2792 licentio
1137 2711 1190 2786 iu„
1227 2717 1231 2728 '

119 2799 292 2890 geminetis
321 2798 456 2886 liquidis
489 2821 655 2866 concessu.
690 2801 846 2866 «Praeter
886 2798 1034 2864 scenicos
1068 2818 1171 2862 nemo

118 2896 296 2976 poetarum
327 2882 389 2948 hec
412 2884 574 2972 porticulo
600 2906 677 2949 usus
701 2895 760 2951 est.
812 2885 969 2951 Coussom
993 2905 1114 2973 quaere
1134 2884 1172 2949 iu

99 3057 101 3066 Ι
119 2982 250 3040 metior
271 2991 350 3034 num
366 2969 473 3037 medio
489 2969 617 3058 syllaba
636 2971 826 3060 corripitur.
1191 2991 1193 2998 ·

233 3093 337 3156 Erant,
354 3089 527 3160 quiubique
540 3094 609 3146 eicco
622 3109 673 3161 pro
686 3093 757 3146 illico
772 3089 946 3146 scribendum
960 3087 1174 3144 arbitrarentur.
1211 3077 1212 3081 ἵ
1253 3104 1256 3111 ·
1300 3081 1304 3086 ’

187 3176 245 3234 vid.
262 3178 343 3231 Tum.
359 3177 386 3232 2.
403 3194 430 3246 p·
448 3175 510 3230 364.
542 3175 698 3231 Polmeriur
713 3175 742 3229 iu
758 3175 899 3229 veteribus
917 3172 1109 3244 libri-‘Plauti
1129 3174 1174 3227 iu·

187 3263 264 3318 veuit
278 3263 358 3328 cliro,
376 3262 435 3330 ipre
451 3277 518 3315 vero
535 3261 603 3316 illico
618 3261 725 3330 accepit
739 3278 790 3330 pro
805 3262 851 3314 illc
865 3261 930 3316 lucc.
962 3259 1020 3315 vid.
1035 3259 1095 3314 eius
1104 3258 1173 3331 spi-

93 3344 102 3368 '
188 3344 332 3418 eileg.13.
349 3365 377 3416 p.
393 3344 454 3401 85⁰.
477 3347 589 3402 Gruter.
603 3347 688 3401 Ther.
708 3346 789 3400 Tum.
802 3343 830 3402 4.

203 3463 233 3523 1.
262 3457 413 3522 Primum
438 3457 539 3545 igitur
560 3456 654 3522 illico
677 3456 839 3544 significat
862 3457 898 3522 in
923 3478 963 3522 eo
985 3456 1059 3546 ipro
1082 3455 1171 3536 loco,

122 3543 181 3628 qui
199 3549 378 3628 occupatus
393 3565 462 3607 non
479 3553 643 3620 mutatur,
667 3556 721 3607 cut
737 3545 772 3608 in
792 3543 852 3610 illo
871 3543 966 3620 loco,
989 3564 1089 3628 quem
1110 3542 1172 3606 de-

118 3631 142 3694 ri
166 3649 225 3696 no.
280 3629 355 3693 Hoc
385 3628 526 3694 alterum
558 3629 683 3695 cecedit
705 3628 756 3694 odo
771 3625 1047 3719 significationem
1078 3625 1171 3694 verbi
1209 3693 1213 3702 ,
1255 3686 1277 3702 ,.

118 3653 201 3866 ἰίξὶἶ.
253 3712 413 3782 Germani
442 3725 622 3805 utrumque
653 3716 848 3806 exprimunt
876 3738 945 3781 uno
974 3712 1077 3782 verbo
1101 3711 1172 3780 du-

116 3823 149 3867 ec
182 3811 227 3867 ct.
860 3829 863 3833 ’

216 3911 339 3966 Donatus
351 3915 431 3982 putot
448 3929 508 3967 eme
531 3910 644 3984 proprie
664 3910 781 3968 verbum
801 3908 938 3980 rouredo,
952 3908 1059 3966 Putem
1076 3913 1169 3966 cutem

182 3992 325 4067 κρονικόν.
358 3997 430 4052 lllud
447 4016 546 4052 verum
559 4003 613 4053 erte

217 4099 339 4156 Naevius
361 4102 435 4170 opud
457 4099 576 4156 Nouium
596 4097 630 4167 4,
656 4099 719 4156 242.
736 4061 827 4157 ,Boni
854 4096 945 4168 punici
975 4099 1050 4155 libro
1078 4105 1169 4157 nexior
1206 4119 1208 4126 ’

182 4186 320 4256 reprimunt
343 4187 471 4244 decimum
495 4189 593 4270 acquod
614 4188 684 4242 illico
703 4190 800 4243 cedent.
837 4185 946 4241 Carcine
966 4186 1104 4241 Hemina:
1128 4186 1171 4240 irie
1258 4189 1261 4197 ‘
