2740 4712
436 271 572 356 'uuna
614 286 756 357 nono,
1059 299 1123 366 σῃ
1143 342 1169 386 ,Α
1214 389 1216 398 y

181 445 254 504 run.
267 443 340 500 tttnt
358 461 386 498 n.
401 441 445 510 14,
461 441 488 522 d,
503 431 530 495 b.
546 459 613 511 quac
631 441 772 518 (vanitas)
785 449 846 498 acto
859 437 964 501 mircin
978 399 1100 512 tussire

79 621 82 628 Δ
181 549 238 604 Cic.
252 549 331 616 verr.
345 547 372 615 2,
386 542 429 610 85,
442 543 485 598 Si.
501 545 601 614 amatia
615 547 742 614 quaedam
759 552 798 599 ca
815 563 848 602 ea
861 547 962 618 qnidam
983 552 1065 618 orire,
1084 561 1115 610 ar
1157 553 1160 560 “

131 635 227 688 ¹etiarn
242 647 303 697 acc.
321 631 367 701 qai
379 629 455 683 rades
473 630 569 689 barani
590 645 674 682 rernm
696 645 798 710 samm,
818 627 960 702 intelligere
979 637 1115 705 aarum,
1174 677 1179 685 .

146 719 208 771 acite
217 721 297 786 snam
311 721 337 769 rt
353 720 463 768 macc.
496 711 557 772 Non
576 717 641 781 puro
659 711 819 767 Ciceronem
840 713 941 771 dixisse
960 718 1026 775 orire
1043 722 1125 790 acite,¹
1229 730 1233 754 t

148 801 196 856 rod
210 800 275 856 riirc
289 796 389 858 reterri
404 797 484 882 dabat
497 796 533 852 nd
545 795 657 852 verbale
664 802 752 869 santa.
1244 809 1248 822 ¹

366 977 368 982 ’
431 979 707 1090 MODO.

76 1156 77 1164 ἵ
159 1169 415 1249 Particularum,
436 1189 517 1254 quoe
532 1167 724 1233 notionibus
746 1178 802 1235 aut
824 1169 948 1236 iudiciis
967 1171 1015 1238 sin
1040 1173 1111 1240 ula-¹
1135 1187 1140 1192 “
1179 1233 1182 1240 .

75 1275 150 1320 rem
174 1279 211 1322 ac
227 1253 392 1321 definitam
416 1254 577 1344 rationem
599 1251 791 1340 iniungunt,
811 1196 1038 1327 nonnuttaci

67 1348 155 1404 aunt
176 1363 194 1406 c
217 1338 444 1414 substantivis,
476 1359 620 1424 quornm
643 1337 834 1422 significatio
854 1343 888 1405 in
913 1363 971 1408 usu
993 1343 1111 1410 adve'r·
1175 1355 1178 1364 ’

74 1425 209 1492 bionum
225 1447 296 1492 non
318 1435 387 1488 tom
402 1425 471 1510 ipsa
493 1434 638 1501 tenetur,
661 1443 759 1506 quam
782 1424 834 1503 id,
858 1427 947 1513 quod
962 1428 1004 1492 ‘in
1027 1451 1110 1494 con·

72 1511 252 1592 stituendas
277 1510 428 1574 notiones
452 1507 536 1571 inde
550 1506 721 1572 redundat.
772 1510 842 1573 Hoc
867 1520 974 1577 antem
1001 1513 1109 1596 coiit,
1140 1531 1145 1542 ·
1189 1515 1192 1522 “

72 1595 168 1681 quod
184 1595 263 1660 haec
281 1593 434 1660 vocabula
451 1601 644 1678 parteasunt
658 1594 837 1665 sententiae
850 1617 919 1660 non
937 1600 1032 1684 piene
1048 1599 1109 1662 ex'·

69 1701 217 1767 pressae.
258 1683 299 1743 At
323 1701 364 1744 ue
378 1678 411 1741 id
428 1686 538 1764 potest
561 1677 714 1764 exemplo
738 1679 915 1763 particulae
929 1683 1031 1748 modo
1048 1684 1108 1749 dc·
1163 1730 1165 1734 -

67 1765 263 1830 monstrari.
342 1762 407 1826 odo
422 1762 509 1826 enim
526 1760 681 1826 ablativus
697 1771 746 1825 est
761 1764 904 1842 nominis
917 1767 1053 1848 modus,
1077 1779 1109 1834 et

65 1847 231 1936 significat
253 1849 291 1912 iu
313 1846 432 1927 modo,
455 1867 529 1909 cum
552 1844 663 1910 modo.
706 1847 871 1912 Sententia
893 1847 948 1915 fit:
973 1863 1011 1916 ut
1032 1875 1108 1918 cum
1144 1899 1147 1906 -

65 1932 176 1998 modo
197 1935 361 2020 cogitent,
389 1933 455 1995 sive
478 1926 611 1994 dicam:
636 1951 676 1993 ex
701 1951 765 2016 qua
785 1953 887 1997 unum
912 1935 1107 2004 vocabulum

64 2019 266 2108 primarium
282 2018 439 2082 retinetur
456 2014 495 2078 ad
512 2015 664 2080 notiones
682 2014 952 2084 determinandas.
993 2020 1041 2086 lto
1066 2044 1107 2090 ue

68 2102 262 2170 adverbium
292 2100 466 2177 habemus,
494 2099 590 2164 etiam
620 2109 743 2165 mutata
759 2112 935 2169 extremae
965 2045 1107 2193 syllabae

66 2209 226 2254 mensura
244 2187 425 2272 signatum,
447 2183 535 2268 quod
559 2204 661 2272 quum
682 2186 717 2250 in
741 2186 949 2252 moderandis
973 2201 1106 2256 senten·
1161 2255 1169 2272 „

1023 1269 1111 1328 actae
1199 1261 1202 1270 '

65 2275 124 2340 tiis
140 2295 210 2337 non
225 2293 290 2338 uno
304 2270 409 2336 modo
434 2267 643 2349 adhibeatur,
662 2292 732 2333 non
748 2291 816 2335 uno
833 2274 997 2339 vocabulo·
1013 2277 1106 2344 reddi
1200 2291 1202 2298 '

54 2369 191 2460 potest,
206 2378 264 2424 noc
274 2361 308 2422 in
318 2356 387 2421 aliis
394 2354 513 2441 linguis
521 2353 704 2421 invenimus
714 2377 849 2437 nomen,
864 2359 956 2444 quod
970 2379 1105 2427 omnem

64 2445 173 2535 tpsius
197 2464 291 2508 usum
308 2440 552 2528 complectatur.

170 2561 331 2616 Perizonius
345 2559 380 2612 nd
396 2555 501 2612 Sanctii
515 2556 613 2610 Miner.
631 2555 657 2624 t,
672 2557 698 2611 2.
716 2556 885 2626 existimans,
903 2558 1035 2616 rationem
1058 2565 1108 2620 ad.

137 2645 226 2699 rcrbii
242 2647 317 2700 modo
332 2642 466 2712 explicari
484 2641 586 2695 daborc
601 2641 709 2695 nominc
724 2642 760 2695 ad
774 2642 878 2711 ellipsis
891 2645 1107 2714 supplementum
1152 2675 1155 2680 ·

132 2727 332 2799 intelligendo,
351 2727 380 2782 in
396 2725 594 2798 significatione
614 2725 744 2798 temporis
765 2726 925 2782 sententiam
943 2747 1002 2784 osse
1023 2731 1105 2792 dicits

138 2811 185 2864 tce
202 2813 322 2882 umporis
335 2813 472 2866 madasca
488 2819 630 2865 momento:
655 2809 704 2864 nbi
729 2827 778 2878 pro
797 2811 879 2864 actum
898 2821 1027 2882 ponatur,
1044 2835 1106 2874 mn

136 2896 226 2962 crocu
240 2895 323 2947 modo.
356 2895 481 2946 Bancrnc
494 2900 584 2948 autem
599 2895 744 2963 desperans
759 2899 1004 2966 comtemnescirc,
1024 2917 1105 2972 quant
1151 2895 1162 2916 '
1198 2959 1200 2964 ,

136 2975 235 3030 intrem
248 2977 416 3032 comminisci
429 2977 535 3032 maluit.

51 3181 55 3186 .
151 3127 254 3194 Modo
270 3129 369 3218 igitur
384 3130 434 3195 vcl
453 3151 524 3195 rem
541 3129 592 3195 vel
609 3127 779 3194 notionem
804 3139 836 3194 et
852 3129 1046 3196 sententiam
1062 3133 1104 3199 ad

59 3211 208 3281 modum
233 3224 265 3280 et
294 3215 336 3278 ad
359 3217 538 3280 terminum
571 3222 723 3294 revocat,
756 3223 788 3278 ct
807 3214 938 3314 ,duplici
970 3215 1103 3304 quidem

57 3300 197 3368 ratione
220 3301 402 3389 constituiu
440 3301 589 3365 Primum
615 3298 701 3363 enim
724 3301 906 3400 restringit,
930 3299 1010 3366 dum
1032 3323 1102 3368 rem

59 3383 201 3452 cohibet
218 3396 250 3449 et
265 3387 305 3450 ab
320 3385 390 3451 aliis
405 3385 542 3450 secludit
557 3385 618 3457 ita,
641 3393 696 3461 ut,
739 3403 818 3450 uum
840 3408 876 3450 m
890 3384 983 3449 modi
1005 3386 1102 3451 adbi-

59 3468 170 3536 bendi
184 3470 320 3534 notione
341 3471 525 3558 cogitemus
544 3491 612 3534 non
637 3405 738 3531 alind
758 3491 877 3556 qnam,
901 3491 970 3544 non
986 3489 1043 3532 ma
1072 3471 1102 3536 is

82 3575 189 3629 uam,
214 3554 402 3620 accedamus
419 3555 628 3633 adruinum,
649 3551 739 3638 quod
754 3554 865 3640 ipsum
882 3577 901 3618 a
918 3553 1019 3618 modo
1056 3554 1102 3620 if-

54 3578 151 3708 ieras
180 3651 416 3704 nominatum
436 3649 531 3704 notat
556 3638 735 3705 terminum
757 3640 790 3703 in
813 3639 881 3727 ipsa
903 3661 939 3704 rc
964 3640 1103 3730 conspi·
1136 3687 1139 3696 ·

55 3743 186 3801 ouum,
209 3723 309 3788 modo
324 3735 430 3791 autem
449 3723 570 3812 penda
590 3722 841 3810 excogitatione
859 3723 1032 3810 loquentis.
1062 3724 1103 3794 In

54 3805 180 3878 multis
196 3805 283 3874 idem
299 3808 451 3896 estquod
469 3807 665 3875 admodum.
705 3807 831 3874 Deinde
844 3805 925 3873 haec
944 3805 1102 3876 deterrui·

49 3891 169 3963 nandi
182 3895 230 3958 vis
248 3895 364 3959 transit
378 3896 414 3960 in
428 3894 735 3970 demonstrativam,
757 3901 789 3957 et
807 3892 863 3956 ubi
878 3893 999 3980 aliquid
1015 3896 1102 3961 intra

53 3999 164 4048 suum
184 3979 324 4044 modum
347 3981 548 4058 continetur,
571 3979 582 4042 i
606 3997 680 4044 sum
706 3977 912 4065 distinguitur
934 3989 965 4043 et
991 3991 1101 4057 exacte
1201 4019 1203 4024 ·

55 4061 242 4134 definitur:
274 4064 375 4134 veluti
398 4085 487 4131 rutnc
508 4085 563 4130 mo
589 4087 629 4148 o,
658 4061 770 4213 moriz}J
782 4062 923 4194 denique
952 4063 1100 4134 dicimus.
