2856 4722
492 293 498 300 ’
570 291 737 400 ἰΝΤΕΒ.
1012 309 1034 379 Γ
1127 340 1191 412 337

118 489 124 500 ’
218 499 253 575 ⁴¹)
274 492 421 580 Insuper
436 497 469 554 et
483 507 584 573 srtper
599 507 617 550 a
632 483 774 550 librariis
791 480 863 548 fere
887 481 1008 576 abique
1030 507 1187 557 commu..

135 591 304 649 tatasnnt.
349 577 403 647 td.
420 571 592 642 Drakenb.
608 569 736 638 adLiv·
753 573 875 656 21‚34,
894 573 926 636 6.
1151 575 1154 581 '
1221 601 1223 606 v

528 733 795 862 INTEn'

218 950 329 1016 INTER
354 968 397 1014 ex
425 944 463 1011 in
487 953 520 1010 et
545 927 723 1007 adverbiali
745 938 870 1027 syllaba
897 952 951 1008 ter
971 935 1097 1010 factum
1121 967 1190 1016 esse

135 1059 236 1103 nemo
266 1057 338 1100 non
366 1033 463 1098 videt.
514 1029 603 1104 llaec
627 1048 705 1092 vero
729 1037 842 1092 utrum
866 1049 930 1114 pro
955 1028 1022 1094 iter
1053 1031 1189 1110 dicatur,

135 1134 173 1189 ut
192 1121 325 1187 Iahnius
345 1120 379 1184 in
396 1119 482 1184 Nov-
500 1113 616 1180 Annal.
633 1113 657 1178 l.
674 1118 706 1178 8.
727 1135 761 1198 p.
780 1117 834 1176 77.
853 1121 963 1200 putat,
984 1138 1025 1180 nn
1048 1115 1062 1180 i
1079 1119 1113 1182 iu
1129 1118 1191 1183 ad.

136 1209 258 1275 verbiis
282 1207 324 1270 sit
356 1203 490 1304 geni-tivi
521 1198 660 1271 vocalis,
698 1197 798 1263 veluti
833 1197 1028 1280 brevi-tor,
1064 1203 1193 1269 etiamsi

139 1294 249 1358 omitti
280 1301 402 1378 possit,
435 1299 472 1354 ut
495 1283 750 1372 exspropi-ter
771 1281 828 1346 liat
846 1295 1004 1370 propter,
1031 1284 1065 1350 id
1096 1288 1192 1356 facila

164 1389 250 1442 otest
267 1375 455 1452 diiudicari,
477 1393 580 1460 quum
607 1371 730 1434 horum
747 1369 949 1449 nominum,
966 1391 1049 1456 quae
1064 1371 1080 1436 ἰ
1095 1373 1129 1437 in
1156 1397 1193 1440 se

136 1403 280 1542 labent,
313 1462 445 1528 nullum
470 1458 672 1544 reperiatur,
703 1453 757 1517 cui
781 1475 851 1518 non
879 1455 1025 1522 vocalem
1058 1459 1193 1544 genitivi

55 1609 56 1615 ,
137 1550 373 1620 adscribamus.
417 1539 753 1632 Significatioeadem
775 1548 824 1603 est
849 1550 945 1626 atque
971 1540 1003 1604 in
1029 1553 1068 1607 ta
1090 1555 1123 1609 et
1144 1545 1194 1610 ti.-
1236 1591 1240 1598 ,

62 1663 76 1676 “’
139 1659 241 1724 quare
266 1635 371 1698 aliter
395 1632 494 1696 etiam
518 1629 686 1694 dicebatur
712 1625 844 1703 aliurn,
881 1635 918 1710 ct
935 1627 988 1691 ati
1015 1631 1194 1716 respondet

139 1720 302 1789 vocabulo
327 1719 392 1804 ita.
443 1715 559 1802 Neque
590 1736 667 1778 vero
705 1711 785 1775 haec
815 1711 1194 1802 terminatiatexprimit

141 1805 391 1873 similitudinem
403 1844 416 1883 ‚-
433 1823 532 1888 quarn
551 1796 758 1886 grammatici
773 1796 906 1873 dicunt,
926 1798 983 1862 sed
998 1821 1069 1865 rem
1085 1803 1121 1868 in
1135 1802 1194 1867 ali.

98 1927 103 1934 ’
140 1893 219 1981 quid
237 1889 362 1956 intendi
378 1889 445 1952 sive
467 1887 507 1950 ad
532 1885 655 1971 aliquid
678 1905 714 1947 re
738 1883 766 1959 i,
787 1881 889 1970 idque
911 1892 943 1946 et
968 1883 1079 1951 locum
1103 1886 1195 1952 desi·-

139 1988 219 2080 gnat
238 1979 272 2042 in
288 1971 584 2063 praepositionibus
602 1981 634 2033 ct
651 1906 789 2032 madum
807 1969 842 2032 in
866 1967 1038 2036 adverbiis.
1081 1972 1195 2054 Quare
1223 1973 1229 1982 “

95 2137 101 2145 ,
140 2061 232 2130 enter
263 2072 312 2128 est
340 2060 377 2126 in
412 2057 610 2124 adhaerente
635 2055 775 2118 notione
804 2053 1025 2135 extensionis,
1058 2058 1109 2121 vel
1134 2080 1195 2123 ex.

140 2150 328 2240 pensionis,
358 2166 422 2232 qun
452 2143 563 2230 aliquo
590 2150 699 2228 vergat
723 2161 788 2202 res.
833 2137 885 2202 Sic
908 2137 967 2203 sub
990 2150 1136 2208 mutatur
1158 2145 1194 2209 in

141 2233 266 2300 subter.
317 2229 425 2296 Latini
453 2230 553 2318 igitur
583 2225 776 2292 hacfsorma
807 2245 847 2288 ex
875 2224 999 2290 rimant
1022 2226 1075 2306 id,
1104 2224 1195 2316 quod

117 2333 118 2336 ’
142 2319 302 2387 Germani
326 2317 474 2382 drinnen
494 2315 575 2391 liin,
595 2313 657 2378 hia
679 2312 825 2376 dicunt·
848 2248 876 2374 ll

143 2417 193 2472 est
211 2403 424 2481 adverbium,
450 2401 491 2466 ‹le
507 2400 597 2463 cuius
615 2419 676 2462 usu
694 2396 767 2462 vide
783 2395 986 2462 Priscianum
1005 2401 1054 2466 14.
1069 2421 1102 2488 p.
1119 2405 1198 2466 991,
1268 2441 1269 2450 ,

142 2487 472 2580 P1·aepnsitl0autem
495 2485 708 2570 coniungitur
726 2503 801 2569 cunr
818 2483 998 2547 accusativo
1022 2507 1114 2569 casu,
1161 2487 1196 2552 ui
1265 2495 1267 2500 '

142 2600 220 2644 cum
245 2579 306 2642 ista
331 2575 469 2640 notione
493 2570 685 2635 intentionis
709 2568 900 2653 naturaliter
920 2571 1084 2658 congruit.
1126 2509 1197 2649 'lia-

142 2687 229 2730 men⁴
248 2659 331 2726 nihil
355 2657 574 2746 impediebat,
602 2678 668 2742 quo
692 2655 802 2718 minus
824 2665 950 2722 veteres
976 2657 1085 2722 Latini
1104 2655 1218 2725 inter.

144 2750 186 2814 de
202 2747 300 2812 rebus
317 2767 384 2809 non
399 2743 501 2808 motis
518 2742 606 2807 etde
625 2741 733 2828 quiete
753 2751 968 2830 usurparent:
992 2764 1069 2807 nam
1086 2741 1120 2807 in
1137 2743 1196 2811 de.

143 2833 301 2920 signanda
322 2831 389 2898 loci
412 2830 542 2893 ratione
569 2849 682 2892 rerum
714 2825 813 2907 situm
841 2837 871 2890 et
898 2825 1060 2892 ambitum
1090 2831 1195 2894 aculis
1243 2865 1247 2872 ·

143 2921 212 2985 sive
232 2919 344 2983 animo
388 2914 605 3000 ersequimur.
649 2910 808 2976 Germani
820 2922 944 2978 veteres
961 2934 1002 2976 ex
1017 2925 1090 2994 unt,
1104 2915 1195 3002 quod
1260 2950 1264 2965 .

134 3003 229 3072 ¹valet
248 3004 328 3083 lain,
354 2938 505 3066 licerent
526 3009 635 3063 anter.
680 2994 781 3076 Quod
799 3019 876 3062 vero
892 3000 1096 3082 grammatici
1144 3003 1196 3066 ni·

143 3091 220 3155 dam
252 3089 358 3154 nostri
390 3085 571 3172 temporis,
616 3081 655 3146 in¹
685 3080 804 3166 quibus
840 3083 946 3147 miror
977 3085 1074 3164 etiam
1104 3025 1195 3154 ltilax.

144 3175 351 3241 Schmidium
376 3193 446 3237 esse
468 3172 503 3234 in
522 3168 709 3234 Commeat.
734 3166 774 3230 de
798 3168 955 3234 Pronom.
979 3193 1013 3258 p.
1031 3162 1103 3253 7³9„
1126 3171 1198 3237 8η..

142 3271 277 3328 tuerunt
293 3260 384 3327 inter
399 3258 496 3322 etiam
517 3277 590 3321 cum
610 3253 751 3318 ablativo
772 3256 993 3340 compositum
1011 3279 1091 3334 esse,
1113 3257 1196 3324 falsa

879 2333 918 2376 oc
942 2312 1046 2377 mado
1069 2311 1195 2380 lactum
1304 2335 1306 2344 ’

144 3369 186 3413 ex
209 3345 366 3430 opinione
390 3344 430 3408 de
453 3343 528 3408 lo'co
551 3339 712 3404 Varronis
736 3338 775 3403 de
798 3340 890 3427 Ling.
913 3339 969 3404 lat.
992 3346 1023 3423 6,
1039 3348 1069 3407 2.
1086 3349 1135 3424 (7,
1151 3347 1195 3422 8.)
1299 3359 1302 3364 ·
1372 3337 1413 3397 s'

144 3425 293 3521 prodiit„
311 3429 372 3494 -lbi
390 3427 478 3494 enim
500 3429 533 3492 in
558 3424 705 3489 formula
730 3423 862 3513 antiqua
884 3426 1019 3513 legitur:
1043 3429 1214 3511 interea

135 3517 368 3604 *conregionm
390 3514 622 3599 campinione,
647 3509 873 3586 cortamione,
898 3524 997 3600 atque
1014 3537 1056 3578 ea
1072 3514 1196 3578 rectis-

144 3604 229 3668 sime
246 3602 348 3666 sensi.
392 3599 550 3668 Interea
575 3594 669 3661 reddi
694 3595 786 3660 debet
815 3597 981 3662 zwisalten
1010 3598 1138 3663 diesem
1163 3605 1197 3662 et

144 3688 283 3774 intelligi
301 3686 512 3752 accusativus.
553 3681 630 3749 Vid.
646 3681 780 3747 Mulleri
792 3681 857 3746 Res
873 3683 1004 3749 Etrusc.
1024 3689 1055 3762 3,
1071 3689 1102 3766 6,
1116 3690 1149 3750 3.

231 3846 261 3908 1.
287 3839 385 3906 Inter
405 3838 507 3924 igitur
521 3836 656 3922 antiquo
680 3857 827 3924 usupra
850 3834 888 3900 in
908 3835 1028 3900 dicitnr
1053 3835 1094 3899 de
1118 3835 1194 3902 loco

37 3933 44 3946 '
98 3959 102 3972 ·
145 3928 234 3994 etde
256 3927 354 3996 rebus
377 3926 413 3989 in
436 3923 546 4009 aliquo
571 3923 648 3987 loeo
674 3921 878 3988 versanlibus
901 3931 957 3985 aut
983 3921 1118 4008 positis:
1141 3921 1195 3986 id·
1260 3981 1262 3986 .

146 4037 210 4102 que
226 4023 375 4078 auctores
392 4008 524 4096 quidam
540 4008 669 4072 mediae
684 4019 716 4073 et
739 4020 906 4096 extremae
920 4005 1089 4071 latinitatis
1115 4007 1195 4072 imi-

144 4102 206 4166 tati
230 4109 317 4164 sunt.
359 4095 439 4159 Non
470 4103 599 4158 tantum
623 4093 778 4179 pluralia,
810 4094 867 4160 sed
896 4097 995 4160 ctiam
1020 4092 1195 4179 singularis

144 4206 304 4286 numerus
319 4180 496 4248 nominum
510 4179 667 4290 sequitur.
695 4257 698 4265 Δ
817 4261 858 4330 25
878 4266 896 4308 ἁ
