2856 4722
580 295 728 414 INTRA:
1113 355 1177 426 435

207 507 289 562 etiam
304 503 389 558 multo
402 500 518 566 auctiore
534 500 637 576 ambitu
652 499 868 556 conviviinostri
886 503 1037 573 trssgeiltas⁴
1047 507 1169 574 stringa..

207 599 267 654 tur,
282 605 363 656 quam
375 586 594 656 lexysignnserit.
628 586 742 653 Quintil.
754 587 797 652 11,
811 584 838 651 3,
853 584 896 640 45.
913 591 1169 659 vitemus⁴igitur-—,

206 675 368 744 medicamen
384 673 470 726 amnia
483 672 612 736 ,damnem
629 673 696 740 pund
710 674 828 724 insanum
843 680 895 734 cot,
915 680 961 724 aut
973 674 1046 724 iutra
1063 674 1169 742 inquen-

206 761 233 812 di
247 760 368 820 modum,
387 757 453 824 quod
469 763 540 808 motu
556 763 632 808 carct.
648 800 650 804 .
666 755 692 821 3,
711 754 736 820 1,
753 757 776 806 l.
792 757 862 808 intra
877 773 951 828 poem
968 757 1071 808 modum
1083 757 1170 826 pteri-

206 860 254 912 pae
266 842 398 910 scriptores
412 841 508 892 artium
523 841 688 894 constiterunt.
723 839 770 891 ubi
790 840 934 892 Gesnerus.

241 943 301 995 Lir.
315 939 358 1006 31,
372 939 415 1005 ee,
431 940 457 992 1.
474 942 501 993 ia
516 941 573 992 aiiis
588 941 661 992 rebus
674 943 773 994 cessisse
786 942 859 994 intra
868 931 951 1009 fiacrio
973 939 1038 992 iuris
1052 940 1103 992 mei
1119 940 1177 992 cui-

208 1029 268 1080 libet
284 1027 367 1079 videri
381 1027 479 1090 suatim,
500 1041 577 1092 quam
591 1025 668 1078 aimie
680 1028 845 1093 pertinaciter
860 1027 888 1078 ia
902 1026 1032 1078 obtinendo
1047 1041 1075 1076 eo
1089 1029 1194 1088 actm,

207 1113 281 1163 disse.
315 1111 439 1176 Propert.
454 1109 480 1172 3,
495 1109 521 1173 9,
540 1107 582 1175 (i)
600 1107 626 1160 2.
644 1110 713 1160 iatra
724 1115 866 1177 fortunam
882 1110 926 1178 qui
937 1110 1007 1176 cupis
1025 1125 1075 1159 esse
1091 1114 1175 1159 tuam.
1203 1151 1207 1159 .

205 1192 226 1245 i.
242 1210 266 1244 e.
289 1191 334 1259 qui
349 1192 492 1260 mancupio
505 1191 635 1244 excedere
653 1193 780 1246 fortunae
801 1193 917 1256 limites,
935 1191 1125 1244 modestiorem
1147 1193 1177 1243 ta

209 1275 302 1345 geris,
321 1289 401 1344 quam
414 1293 463 1345 per
478 1275 613 1328 fortunam
630 1277 735 1336 liceret.

245 1378 357 1432 Servius
373 1380 407 1432 ad
424 1377 519 1447 Virgil.
544 1379 609 1430 Aen.
628 1378 652 1442 5,
668 1379 725 1431 eeu.
753 1397 815 1450 crgo
836 1381 920 1430 sortior
933 1397 985 1431 nou
1007 1377 1069 1430 eatis
1087 1392 1176 1428 senece

208 1464 276 1516 sicut
298 1463 412 1516 iuvenior
427 1480 478 1514 aaa
498 1464 561 1514 satis
586 1463 698 1526 iuuenis,
723 1467 793 1516 iutra
814 1459 943 1515 iuuenem:
960 1464 1023 1515 sicut
1043 1461 1180 1530 pauperior

197 1547 281 1599 iutra
295 1561 442 1615 pauperem.
477 1545 547 1597 Dicit
564 1554 649 1598 autom
666 1548 714 1598 bac
733 1547 815 1598 Ver-m
835 1548 864 1598 ia
880 1549 952 1598 tibris
968 1547 1005 1598 ad
1027 1547 1180 1598 Ciceronem·

212 1630 244 1683 ln
259 1630 355 1698 quibus
370 1646 439 1697 qnae
456 1601 583 1726 ipant
598 1630 725 1682 Varronis
740 1619 840 1695 verba]
858 1648 915 1686 oon!
926 1628 1022 1698 liquet.

246 1733 343 1785 Florus
359 1731 385 1796 l,
399 1730 425 1796 3,
440 1729 466 1782 5.
486 1732 589 1783 abstulit
604 1735 683 1784 cirtae
689 1735 866 1803 parricidam:
881 1741 904 1784 et
914 1735 1023 1798 facinus
1036 1732 1107 1782 iutra
1121 1731 1182 1798 gla-

212 1818 280 1870 riam
296 1820 360 1882 fuit.
403 1817 496 1882 inepte
521 1816 572 1866 boc
595 1816 738 1868 Dacisrius
762 1817 869 1885 accepit
890 1835 937 1884 pro
959 1817 1013 1868 siae
1034 1815 1139 1884 gioria,
1165 1827 1183 1865 a

215 1900 339 1956 Bentleio
363 1901 422 1952 iure
444 1900 630 1966 reprehensus.
680 1901 820 1954 Bentleius
844 1901 1051 1968 interpretatur:
1079 1897 1184 1950 facinus

216 2004 269 2039 nnn
291 1984 405 2039 excessit
418 1981 549 2052 gloriam,
569 1982 734 2036 obruebatur
759 1991 794 2038 et.
809 1985 1064 2054 exstinguebatura
1085 1978 1183 2049 gloria.

216 2071 271 2122 Sed
291 2070 459 2136 distinguere
482 2067 599 2118 debebat
622 2084 700 2119 usam
724 2069 880 2136 posterioris
900 2066 1050 2122 latinitatis.
1092 2067 1184 2134 Quare

217 2154 357 2224 intellige:
377 2153 482 2206 iacinus
499 2168 551 2203 non
571 2151 663 2219 attigit
679 2152 814 2221 gloriam,
832 2170 918 2220 neque
932 2153 959 2204 ei
973 2149 1073 2203 nocuit.
1104 2147 1184 2200 Wal-

218 2238 296 2290 cbins
308 2237 335 2289 ia
351 2245 404 2290 aet.
418 2237 453 2290 ad
468 2235 557 2287 Tacit.
570 2237 635 2302 Agr.
651 2236 743 2302 plue.
759 2237 924 2290 obscuritate
939 2237 1053 2289 laborat.
1071 2233 1097 2297 4,
1108 2234 1151 2296 113
1158 2232 1184 2283 9.

217 2324 312 2392 regina
334 2323 369 2380 aa
386 2323 464 2390 pedae
489 2321 605 2372 Caesaris
624 2323 756 2388 prouoluta
776 2323 884 2375 teataoit
901 2323 984 2374 oculos
1000 2321 1086 2372 ducis.
1114 2317 1188 2369 Fra-

185 2426 187 2430 ’
217 2413 289 2459 strar
307 2423 370 2458 aum
386 2405 549 2474 pulchritudo
571 2405 642 2456 iutra
661 2407 813 2472 pudicitiam
828 2407 951 2476 principis
969 2405 1034 2472 suit.
1052 2403 1071 2455 i.
1091 2419 1115 2453 e.
1132 2419 1186 2453 nou

121 2485 131 2498 “
222 2490 331 2558 attigit,
351 2489 461 2542 turbare
476 2503 527 2538 nnn
541 2487 628 2554 potuit
641 2488 796 2555 pudicitiam
815 2490 951 2559 principie.
986 2487 1040 2540 Sed
1057 2483 1188 2539 assentiar

221 2577 357 2637 Gratata,
374 2590 457 2641 quum
471 2571 499 2622 in
514 2571 589 2622 codd.
605 2588 705 2640 magna
721 2573 756 2630 sit
770 2575 934 2644 ambiguitas
951 2569 1090 2624 lectionis:
1108 2571 1187 2639 pria-

221 2661 288 2729 cipi,
311 2659 445 2722 Caesaris,
463 2674 513 2709 neo
528 2656 597 2708 bene
611 2655 716 2710 dicetur
727 2660 853 2729 pudicitia
869 2659 903 2710 de
918 2659 986 2710 viro.
1019 2654 1121 2707 Omitte
1137 2653 1189 2704 noss

184 2779 187 2784 -
223 2759 285 2796 mea
303 2742 441 2811 principis,
469 2749 496 2795 et
518 2740 817 2814 babebispenteatiom
843 2731 928 2796 bisace
961 2739 1191 2810 pulchritudinem

225 2830 385 2896 cleopatrae
406 2827 525 2878 carnisse
550 2824 688 2894 pudicitior
723 2827 765 2880 Ne
790 2835 879 2880 tamen
897 2827 956 2895 quis
972 2819 1191 2891 cornpnret'eum

224 2903 267 2964 liis
287 2911 383 2987 Senec.
404 2911 437 2962 de
463 2912 558 2964 Benei.
578 2909 602 2974 6,
618 2909 661 2974 32,
677 2913 702 2964 l.
726 2912 773 2964 ubi
795 2913 860 2964 alim
881 2913 1041 2980 legebatur,
1058 2910 1192 2977 Augustus

216 2999 307 3066 filiam
329 2997 402 3062 infra
417 2996 558 3062 padicitiae
579 2997 740 3048 maledictum
759 2999 915 3065 impudicam
932 2995 1078 3064 relegavit,
1096 3004 1192 3042 moneo

224 3071 353 3132 meliores'
365 3075 451 3154 libras
466 3077 503 3131 ibi
520 3078 669 3146 praebere:
686 3082 758 3134 altra
772 3083 834 3150 imp.
849 3082 909 3134 mai.
943 3078 1056 3148 Quintil.
1072 3076 1114 3138 11,
1127 3073 1153 3138 3,
1166 3070 1192 3124 8.

226 3165 259 3216 de
273 3162 435 3216 Hortensio:
451 3165 504 3214 eius
516 3163 613 3232 scripta
627 3171 727 3218 tantum
740 3167 922 3232 iatrafamam
933 3172 1000 3217 suat.
1017 3163 1035 3218 i.
1052 3179 1075 3216 e.
1090 3160 1194 3213 famam
1239 3193 1241 3198 .

225 3267 278 3301 non
295 3248 392 3314 adepta
408 3253 477 3298 sunt.

263 3369 359 3429 Senes.
374 3365 444 3418 bled.
463 3361 522 3416 52⁰.
540 3369 649 3434 senuna
663 3381 760 3434 semper
776 3369 858 3419 ornais
881 3368 950 3420 iutra
971 3385 1010 3420 sae
1027 3367 1101 3418 stetit.
1134 3361 1195 3413 noc

230 3469 290 3504 essa
307 3451 414 3502 dicunt:
433 3449 543 3501 fortuna
561 3466 667 3516 semper
687 3465 730 3502 noe
745 3451 796 3502 fuit
817 3452 913 3504 minor.
947 3449 1004 3504 Neo
1029 3458 1117 3503 tamea
1138 3444 1194 3495 dii-

228 3536 283 3588 iert
302 3533 434 3589 sententia
455 3533 525 3600 apud
551 3532 628 3585 Ouid.
652 3532 757 3598 Meti,
772 3531 815 3586 55.
838 3537 964 3587 mocimus
985 3537 1056 3586 iutra
1079 3547 1119 3583 me
1134 3530 1196 3579 derce
1242 3543 1244 3553 ¹

232 3628 278 3673 est.
313 3619 392 3686 Atqui
409 3618 519 3681 bledee3
539 3617 566 3669 ia
583 3635 625 3670 me
640 3618 713 3686 ipse,
730 3619 831 3688 inquit,
850 3637 957 3687 senoper
971 3619 1095 3670 iortuane
1118 3626 1219 3694 meaa*

233 3709 353 3772 potestus
378 3710 436 3755 erat
457 3703 558 3769 posite,
584 3719 636 3772 ego
657 3704 698 3755 iai
716 3721 822 3773 semper
839 3705 963 3756 fortunae
985 3719 1061 3754 meus
1093 3703 1198 3750 auctor.

191 3820 194 3831 ·
235 3786 352 3855 Operam
368 3787 484 3855 perdidit
497 3787 731 3840 Drakenborcbins
745 3791 814 3856 apud
830 3788 879 3840 Sil.
895 3786 1011 3850 111115,
1027 3783 1085 3837 lut.
1104 3783 1131 3834 iu
1147 3781 1198 3831 de·-

196 3918 198 3924 ,
232 3872 366 3924 iandeadn
382 3871 514 3942 scriptura
527 3872 626 3924 codicis
638 3873 761 3939 puteani:
778 3876 889 3926 intrate
906 3889 991 3934 cernes
1007 3871 1137 3923 bominum
1147 3883 1200 3935 gc·

235 3975 292 4009 aus.
326 3957 358 4008 ln
375 3955 483 4023 apuleii
498 3956 600 4009 Florid.
616 3957 641 4022 1,
656 3957 681 4008 4.
699 3957 792 4024 11382,
808 3958 833 4008 8.
851 3959 919 4010 bene
935 3955 1111 4010 restituerunt
1124 3948 1201 4002 codd.

235 4039 412 4108 scripturam:
438 4040 500 4092 baec
524 4043 611 4093 amaia
631 4043 715 4110 inquit
732 4044 909 4095 biandimenta
931 4058 1092 4110 nequaquam
1111 4024 1202 4090 virtuti

238 4126 350 4190 decoro,
373 4125 417 4180 scd
430 4124 547 4190 incuriae
562 4127 768 4198 accommodata,
786 4129 855 4180 intra
868 4129 981 4196 corporis
993 4129 1035 4182 sui
1054 4125 1204 4197 qualitatem
1232 4187 1234 4196 Ι

837 4214 916 4274 28*
