2856 4722
457 403 460 410 ,
517 312 520 323 ’
571 335 717 402 tumn.
835 312 882 401 ,’
1105 342 1169 404 roc
1253 381 1256 392 .

119 494 320 560 maticorum
346 475 486 556 constat.
529 489 626 556 Inter
652 491 750 578 igitur
775 489 908 576 quando
932 461 977 554 di
997 494 1170 558 consocia·
1216 491 1226 526 '⁸

121 583 212 644 tione
227 591 259 646 et
276 578 316 642 de
339 576 575 640 communione
600 577 737 655 dicitur,
764 575 829 638 duo
847 577 981 640 nomina
996 580 1170 644 coniuncta

121 665 240 742 habet,
265 686 324 728 nec
340 673 449 750 potest
469 662 517 725 bis
539 664 632 749 poni.
675 660 712 725 Id
731 661 914 748 intelligens
940 661 1106 728 Bentleius
1130 666 1169 730 ad

120 750 237 816 Horat.
263 750 364 836 Epist.
389 754 416 826 1,
435 753 466 824 2,
486 753 536 811 12.
566 795 587 826 „
597 750 770 827 ἰδιωτικῶς,
796 747 921 832 inquit,
944 747 997 811 hie
1018 751 1170 834 loquutus

122 848 171 902 eet
196 846 310 900 noster
335 835 424 898 inter
447 831 587 898 Peliden
615 843 646 897 et
666 834 756 898 inter
777 831 966 898 Atridec.“
991 836 1083 898 etad
1104 837 1172 900 Sat.
1231 841 1234 858 ’

123 927 206 1003 1,7,
227 929 276 985 11.
297 919 522 1002 hebraismum
548 918 692 1005 appellat
718 919 758 982 ab
784 917 914 1004 optimo
935 941 1068 1006 quoque
1092 923 1173 986 scri-

119 1011 222 1096 'ptore
240 1007 401 1073 alienum.
425 1014 457 1066 et
477 1005 562 1090 apud
583 1004 754 1067 Horatium
773 1004 1016 1088 corrigendum.
1060 1007 1174 1071 lmits-

123 1093 250 1157 tionem
276 1089 452 1154 hebraismi
478 1091 542 1154 iam
568 1088 751 1154 Gatakerus
768 1088 938 1152 Adversas.
954 1097 985 1170 2,
1000 1098 1032 1156 2.
1065 1093 1174 1156 vindi-

125 1201 202 1242 care
226 1185 462 1240 conatuserat.
506 1174 569 1238 Alii
596 1184 704 1238 autem
727 1176 762 1238 in
785 1173 891 1250 uerbis
915 1175 984 1240 Cic.
1016 1179 1101 1256 Lael.
1123 1185 1175 1258 10,
1273 1185 1276 1190 ’

124 1269 179 1329 33.
223 1262 313 1344 inter
350 1252 404 1323 me
435 1271 467 1324 et
499 1259 694 1345 Scipionem
723 1258 972 1341 disserebatur,
1019 1265 1177 1328 omissam
1209 1267 1213 1286 ⁶

123 1348 285 1437 putabant
303 1345 590 1432 praepositionem.
637 1349 677 1410 At
693 1344 813 1409 nihilo
841 1367 877 1409 us
895 1346 957 1409 fuit
975 1346 1025 1410 his
1050 1349 1176 1412 machi·

125 1435 188 1500 nis.
232 1433 338 1496 Poetis
363 1432 444 1494 adeo
476 1431 643 1510 limites,
690 1451 748 1493 uae
774 1368 899 1516 vuigoni
924 1447 1174 1515 sermonenata

126 1519 288 1597 erant,in
308 1515 505 1580 nobiliorem
524 1535 617 1578 usum
645 1453 832 1580 adsciscere.
875 1517 989 1603 Neque
1011 1519 1062 1600 id,
1087 1512 1177 1605 qnod
1219 1592 1221 1600 s

125 1603 291 1670 Bentleius
309 1612 339 1666 et
357 1611 431 1687 post
450 1623 524 1665 eum
545 1599 730 1664 Schmidius
751 1599 935 1680 affirment,
958 1603 1043 1668 hanc
1060 1605 1178 1670 dictio-

16 1725 21 1738 ·
125 1711 203 1764 nem
222 1713 239 1752 a
255 1689 382 1751 ratione
397 1687 550 1751 recedere
576 1697 608 1750 et
635 1671 749 1769 iogicis
778 1688 957 1774 praeceptis
982 1687 1178 1778 inpugnare,

126 1797 197 1840 non
218 1775 411 1860 discrepata
431 1773 574 1837 veritate.
621 1772 708 1852 Quid
730 1772 815 1834 enim
834 1773 991 1859 impedit,
1011 1791 1090 1862 qum
1110 1789 1178 1845 rem

55 1913 57 1922 .
126 1862 213 1932 inter
230 1861 311 1938 duee
329 1870 433 1922 actam
450 1861 546 1922 etiam
568 1855 607 1920 ab
632 1871 770 1943 utraque
793 1869 886 1944 porte
914 1861 1178 1947 comprehenda-

126 1941 226 2012 mus?
269 1945 353 2010 Nam
369 1944 441 2009 lites
460 1945 547 2007 iuter
569 1941 698 2006 Peliden
725 1953 757 2006 et
782 1942 867 2005 inter
893 1945 1026 2008 Atriden
1048 1948 1074 2011 si
1101 1950 1179 2014 volis
1211 2001 1214 2008 ,

128 2032 170 2097 ed
194 2029 357 2095 rationem
384 2028 518 2104 referri,
551 2027 623 2091 lites
648 2036 744 2102 sunt,
772 2048 861 2113 ,quae
883 2028 970 2092 inter
992 2030 1125 2102 Peliden
1149 2047 1182 2100 et

127 2118 266 2185 Atriden
286 2127 318 2180 et
334 2117 421 2179 inter
437 2115 571 2178 Atriden
588 2123 620 2179 et
643 2111 775 2177 Peliden
798 2110 894 2178 finnt.
939 2114 1004 2178 Sed
1029 2139 1070 2180 ne
1095 2142 1181 2205 pro..

129 2203 209 2268 saici
237 2203 369 2289 quidem
397 2201 575 2287 scriptores
600 2197 640 2264 ab
671 2199 732 2262 hac
764 2198 908 2262 dictione
940 2199 1180 2286 abstinuerunt,

72 2357 75 2362 ,
133 2309 333 2376 quamquam
360 2309 396 2350 ea
422 2286 580 2373 exempla·
600 2306 669 2348 non
691 2302 866 2371 possumus
890 2284 954 2348 hue
979 2286 1121 2365 referre,
1144 2302 1181 2355 ut

135 2375 271 2463 plurimi
290 2373 438 2436 fecerunt
460 2371 581 2441 critici.
605 2372 638 2434 in
665 2371 782 2456 quibus
806 2369 924 2436 dicitur
942 2371 1098 2440 interesse
1123 2377 1184 2441 ali-

135 2459 213 2546 quid
230 2461 317 2524 inter
334 2457 423 2520 hunc
441 2469 474 2520 et
492 2458 578 2520 inter
602 2456 707 2520 illum.
753 2454 790 2518 ln
814 2455 866 2520 his
891 2458 978 2520 enim
1005 2461 1075 2546 ipsa
1097 2464 1184 2528 sntio

47 2611 51 2618 Χ
130 2545 277 2636 postulat
294 2543 568 2631 duplicationem:
592 2564 653 2606 nec
672 2543 786 2605 Cicero
804 2563 961 2628 umquam
979 2544 1083 2610 aliter.
1137 2627 1143 2644 .

152 2703 167 2714 ·-
235 2672 303 2724 Vide
318 2672 459 2724 vavassor.
478 2672 512 2723 de
531 2670 564 2722 Vi
580 2687 657 2737 quor.
673 2669 749 2722 verb.
769 2687 796 2738 p.
811 2668 872 2724 554.
891 2671 985 2739 Kapp.
1000 2670 1183 2742 cantianam.
1270 2683 1272 2697 ‘

203 2757 331 2812 Animed.
355 2757 383 2809 iu
404 2759 501 2808 Horat.
518 2754 561 2806 13.
579 2773 605 2824 p.
620 2753 680 2806 246.
697 2756 835 2809 Drnlreub.
856 2756 889 2809 nd
908 2756 966 2808 niv.
983 2755 1026 2818 10,
1040 2755 1067 2822 7,
1081 2758 1107 2809 1.
1125 2759 1203 2812 0n-·
1231 2784 1234 2794 ¹

202 2841 314 2896 narium
339 2848 367 2894 et
382 2841 554 2894 Schmidium
577 2840 610 2893 nd
626 2841 725 2894 llorat.
739 2839 825 2908 Epist.
839 2839 872 2905 1,
887 2840 912 2905 1,
925 2837 969 2894 25.
996 2841 1120 2896 Plurima
1135 2862 1185 2896 ex-

202 2929 294 2995 empla
308 2927 343 2978 ab
360 2926 404 2980 his
419 2925 487 2979 viris
504 2925 628 2979 adhibite
645 2942 700 2978 nonx
715 2925 879 2978 conveniunt
894 2926 1045 2980 firmendas
1057 2929 1124 2981 huie
1138 2931 1185 2983 lo-

204 3010 339 3081 quationi.

158 3119 165 3128 ’
237 3116 335 3167 Horat.
351 3113 409 3166 sat.
425 3113 451 3178 1,
465 3109 492 3176 ’1,
508 3113 550 3164 ll.
568 3112 635 3164 iuter
655 3112 768 3163 Hectora
783 3110 931 3163 Priamiden
953 3114 1097 3168 animosum
1111 3124 1189 3186 atque

203 3199 472 3253 interseruerim
484 3199 541 3262 fait
561 3197 690 3264 capitalis.
723 3193 813 3261 Epist.
825 3194 851 3257 1,
870 3194 954 3259 2‚11.
972 3197 1067 3251 Nestor
1083 3219 1188 3270 compc-

90 3343 93 3350 =
203 3301 266 3336 uere
281 3285 336 3335 litis
351 3285 415 3335 inter
428 3281 644 3350 Pelideufestiunt
660 3287 685 3333 et
699 3281 895 3333 iuterAtridsa.
931 3281 1113 3348 Tmolum,
1130 3284 1189 3337 165.

199 3369 300 3435 fertilis
314 3369 383 3420 heac
402 3369 468 3420 inter
481 3369 565 3436 posita
581 3374 618 3419 est
632 3368 747 3434 interque
760 3366 884 3434 rigentes.
912 3367 1044 3442 ¹Propert.
1059 3369 1084 3433 2,
1093 3359 1137 3434 31,
1147 3367 1189 3422 15.

208 3451 247 3519 (2,
264 3451 307 3516 23,
324 3451 379 3518 15.)
399 3451 491 3504 deiude
506 3453 575 3503 iuter
591 3459 700 3504 matrem
722 3451 784 3501 deus
804 3448 859 3520 ipsc
876 3433 988 3521 interiise
1008 3471 1122 3508 sororem
1136 3455 1190 3522 Py-
1275 3443 1281 3448 ⁵

207 3537 277 3590 ttius
294 3539 322 3588 is
338 3538 419 3606 longa
436 3538 553 3588 earmina
567 3544 631 3590 ceste
647 3542 729 3588 scunt.
765 3532 892 3588 stultat.
910 3535 951 3601 11,
968 3535 1028 3588 18⁰.

73 3673 78 3682 ι
142 3675 144 3679 ,
239 3639 300 3690 Irin.
319 3639 401 3704 lut,
419 3639 445 3690 1.
469 3644 593 3692 certatum
612 3646 696 3691 tamen
718 3639 854 3690 medenda
881 3639 1107 3706 dissuadendaque
1130 3639 1191 3708 lege

204 3721 364 3798 iuterstpp.
392 3724 531 3776 Glattdium
557 3723 666 3775 maxime
689 3726 782 3789 seruat
805 3730 831 3774 et
852 3723 922 3775 inter
945 3723 973 3775 P.
993 3723 1109 3775 Decium.
1141 3719 1191 3776 abt

208 3808 449 3861 Drakenborchius
467 3815 495 3862 et
515 3809 651 3860 librorum
675 3806 836 3863 auctoritate
858 3813 886 3862 et
904 3804 1094 3860 cousuetudine
1116 3805 1191 3860 nivii

210 3892 331 3976 vindicat
347 3893 500 3948 lectionem.

211 4016 214 4022 ·
245 3996 322 4052 Alina
336 3998 446 4067 generis
464 4003 526 4051 sunt
545 3973 643 4067 virgil.
661 3994 728 4047 Aen.
743 3993 769 4059 9,
784 3991 845 4047 554.
871 3979 957 4062 Lycus
974 3995 1042 4046 inter
1059 4003 1084 4049 et
1098 3997 1193 4063 hostis,
1230 3961 1232 3971 Δ

209 4080 314 4134 iateret
329 4100 406 4134 arma
421 4087 499 4154 sagn
521 4100 611 4148 missos
632 4089 711 4135 tenet.
746 4077 1096 4144 tat.F1aec.5,13.tnur
1111 4083 1192 4134 tucri-

207 4167 394 4236 mactaturque
413 4170 656 4224 eatrentccirornm
672 4182 786 4221 manera.
819 4162 846 4229 6,
862 4161 923 4217 509.
940 4163 1089 4230 Tibulae,
1104 4164 1193 4231 saon
1238 4195 1247 4206 =
