2856 4720
144 324 149 332 ’
259 331 330 399 ’199
702 331 863 400 tuttvu.

352 485 404 554 14.
428 439 599 571 Proposita
623 483 732 572 aliqua
754 488 912 554 sententia
935 487 1096 560 adduntur
1126 469 1187 579 her
1215 491 1301 560 hanc
1407 499 1409 504 ’

267 571 458 666 particulam
474 569 651 668 exemia,
681 569 798 656 quibus
819 576 873 642 illa
897 573 1095 658 illustretur,
1117 578 1171 643 vel
1203 602 1301 668 argu-

265 671 395 738 menta,
426 653 543 742 quibus
568 655 815 746 comprobetur.
864 659 999 728 Barbari
1022 660 1133 728 dicunt
1155 667 1301 752 exempli

267 767 400 814 caussa.
1216 763 1218 776 ·

376 859 467 917 Tacit.
479 861 546 914 dnn.
564 858 591 924 1,
604 855 648 911 74.
664 863 805 916 monebant
821 862 900 916 etiarn
913 871 967 918 tum
980 857 1093 934 'uestigia
1115 867 1247 922 morientis
1269 869 1303 921 li·-

332 946 446 1000 hertutir.
485 944 574 1014 Igitur
600 944 707 998 Gnosia
729 945 804 1010 Piso,
823 963 889 1014 qao,
907 947 1003 1016 inanit,
1019 949 1073 1000 loeo
1089 951 1213 1016 meatu,
1238 953 1305 1006 Cne-

330 1031 401 1086 aar?
420 1035 479 1094 etc.
519 1027 688 1096 Propasta,
706 1027 889 1097 14‚(ta‚)21.
918 1032 958 1084 lca
980 1032 1063 1100 igitar
1082 1041 1212 1102 munna
1233 1043 1302 1099 octat

333 1117 447 1170 resedere
460 1119 588 1166 nmmtcs.
624 1114 754 1166 Onussam
770 1113 843 1166 enim
860 1121 941 1182 poeta
960 1114 1083 1182 exponit,
1097 1132 1147 1169 cnr
1158 1127 1301 1185 swnnae

261 1221 263 1228 ’
327 1201 482 1270 palaestrae
497 1196 559 1262 iura
578 1203 605 1251 et
619 1198 690 1250 hona
705 1197 841 1266 gymnasii
856 1199 974 1255 miretur
993 1214 1020 1252 r.
1035 1200 1061 1252 1.

319 1329 330 1383 s
368 1303 400 1356 la
414 1300 470 1352 Cic.
487 1299 522 1352 de
542 1299 608 1370 Leg.
623 1299 656 1363 1,
673 1297 724 1363 lu,
738 1297 781 1352 45.
806 1278 890 1352 dodon
904 1300 1046 1354 vindobon.
1067 1300 1198 1355 intertum
1211 1302 1296 1356 habnt

328 1384 492 1439 vocabalum
516 1385 594 1436 ceint.
627 1381 706 1436 conl.
726 1383 859 1435 Goerena
877 1385 911 1436 ad
931 1385 994 1438 h.l.
1012 1389 1041 1439 et
1060 1385 1095 1438 ad
1115 1385 1198 1440 head.
1212 1385 1238 1452 2,
1252 1385 1297 1456 aa,

300 1511 305 1516 .
329 1471 374 1526 96.
392 1467 438 1539 qui
455 1479 545 1521 tamen
560 1469 635 1520 locun
649 1483 702 1521 non
715 1468 770 1520 huc
787 1467 914 1536 pertinet.
1193 1499 1194 1508 1

344 1620 395 1686 1⁵.
424 1615 615 1683 Notandum
638 1619 784 1701 videtur,
822 1618 993 1707 quomodo
1013 1619 1123 1708 igitur
1143 1620 1199 1686 uni
1229 1644 1297 1688 no-

259 1705 342 1772 mini
363 1702 536 1770 adhaerent
554 1725 628 1768 cum
647 1705 854 1770 conclusione
878 1705 1018 1770 breviter
1035 1727 1201 1792 expressus
1223 1708 1296 1772 vel·

258 1803 295 1856 ut
326 1793 393 1856 Cic.
418 1788 517 1852 Tusc.
544 1794 580 1870 1,
605 1793 658 1870 99,
678 1793 731 1862 71.
768 1813 829 1856 nec
852 1788 1019 1877 discerpi,
1050 1811 1111 1865 uec
1147 1791 1297 1859 distrul'

254 1887 388 1966 potest,
410 1895 472 1938 nco
487 1874 627 1940 interire
644 1874 765 1962 igitur.

286 2001 288 2010 ¹
343 2017 393 2080 19.
415 2011 509 2078 Nunc
527 2013 566 2079 de
583 2033 645 2078 usu
658 2012 941 2102 interrogationis,
962 2033 1044 2102 quae
1066 2035 1167 2102 quarn
1191 2010 1232 2082 de
1256 2039 1294 2084 re

256 2103 368 2190 ignota
393 2098 444 2164 vel
476 2101 627 2164 nondum
653 2101 784 2188 cognita
815 2110 962 2186 quaerut,
997 2100 1052 2162 ubi
1084 2101 1295 2168 conclusione

257 2193 400 2266 constat,
435 2183 475 2249 in.
495 2184 692 2271 cogitatione
716 2195 747 2249 et
775 2183 807 2250 in
840 2183 935 2250 rebus
964 2185 1110 2269 cogitatis
1135 2196 1292 2268 versatur,

256 2273 395 2358 ideoque
415 2272 550 2334 assumit
572 2269 693 2356 igitur.
713 2278 715 2282 ’
735 2270 956 2336 Praesumitur
976 2292 1029 2334 res
1056 2269 1106 2334 vel
1131 2269 1216 2338 faeta
1242 2274 1294 2338 val

256 2361 361 2432 dicta,
382 2356 475 2440 elque
491 2355 760 2420 accommodatur
778 2354 958 2420 conclusio.
999 2353 1063 2419 vbi
1080 2358 1186 2420 oratio
1204 2369 1293 2424 recta

253 2445 288 2510 in
306 2439 596 2526 interrogationem
613 2439 698 2519 exit,
721 2449 775 2502 aut
792 2439 846 2504 ubi
866 2440 1079 2526 iuterrogatio
1104 2443 1205 2504 vicem
1230 2465 1293 2506 ne-

202 2598 204 2603 *
255 2528 394 2615 gationis
425 2535 585 2612 praestat,
624 2523 789 2590 conclusio
822 2522 859 2588 iit
889 2546 931 2590 ex
955 2524 1076 2612 regula.
1135 2527 1292 2595 Germani

253 2623 393 2680 utuntur
410 2607 515 2674 verbis
533 2609 606 2674 ulau
623 2622 655 2674 et
673 2631 754 2674 uun.
796 2609 880 2673 Nam
904 2610 992 2694 quod
1016 2609 1129 2674 Cicero
1153 2609 1236 2680 Phil.
1254 2617 1287 2690 9,

215 2725 217 2729 ·
255 2705 307 2771 19,
325 2701 377 2762 99.
400 2692 496 2760 dicits
519 2695 626 2781 ecquis
643 2705 691 2760 est
708 2692 818 2781 igitur
837 2701 870 2758 te
893 2703 1027 2778 excepto
1046 2729 1107 2775 -,
1128 2694 1186 2781 qui
1202 2697 1292 2762 illud

219 2847 220 2856 ¹
253 2795 315 2850 aest
335 2775 423 2866 fleri
446 2779 592 2844 nolrrerit
614 2791 674 2844 aut
690 2778 828 2866 fuctum
858 2775 1086 2864 improbarit?
1123 2780 1290 2846 reddimus

192 2943 196 2948 ,
252 2870 299 2936 ist
314 2887 385 2934 narn
400 2861 467 2928 evol
482 2861 599 2930 einer?
617 2876 713 2952 atquc
729 2865 814 2927 idern
839 2865 1033 2951 exprimitur
1055 2873 1140 2928 recta
1166 2869 1290 2931 oratio-

252 2976 313 3020 nes
338 2969 435 3016 nemo
448 2945 558 3038 igitur
572 2959 631 3015 est.
673 2949 735 3013 Sed
753 2947 873 3012 accedit
889 2949 1009 3014 modus
1025 2969 1066 3012 ex
1088 2950 1188 3014 animi
1209 2953 1289 3018 affe-

252 3053 315 3106 etu.
358 3035 443 3100 Haec
461 3035 547 3100 euim
565 3035 778 3122 interrogatio
794 3033 931 3120 propria
949 3044 996 3099 est
1012 3033 1230 3120 admirationi,
1251 3039 1286 3104 in

252 3147 317 3215 qua
333 3119 448 3188 Graeci
465 3130 619 3209 usurpant
633 3117 707 3204 γὰρ,
732 3128 764 3182 et
782 3117 972 3184 dubitationi
991 3119 1187 3186 incredulae.

360 3237 474 3308 Quintil.
494 3239 529 3304 8,
542 3239 575 3305 4,
594 3239 638 3293 21.
665 3255 716 3292 aaa
736 3243 831 3309 potunt
862 3236 1002 3306 indignam
1025 3237 1133 3292 Troiani
1153 3239 1286 3320 principes,

316 3325 409 3380 &aion
424 3325 594 3394 Troianosque
608 3324 717 3394 propter
735 3323 848 3376 Helenae
860 3319 966 3392 φθάσῃ
985 3325 1022 3376 uu
1040 3325 1111 3378 aare
1130 3329 1204 3378 tanto
1221 3332 1286 3378 tern-

311 3409 384 3483 poris
398 3408 481 3478 motio
495 3409 635 3462 sustinere.-
650 3405 779 3476 nummati
788 3405 873 3478 igitar
889 3406 938 3460 illa
948 3407 1038 3472 forare
1052 3406 1174 3462 edenda
1187 3409 1249 3461 cst?

300 3519 308 3542 t
359 3510 417 3564 Gic.
432 3509 512 3565 Tunc.
529 3508 685 3578 1,2o‚tu.
712 3509 739 3563 iu
757 3526 806 3578 qno
823 3506 906 3578 igitar
924 3505 977 3564 lero
997 3505 1057 3562 esti
1082 3509 1284 3578 credoequiderr

315 3594 345 3649 ia
366 3595 459 3666 cupite.
493 3594 527 3646 de
542 3593 604 3648 Nat.
618 3595 644 3647 d.
660 3595 686 3659 3,
703 3591 747 3662 81,
765 3592 808 3646 ta
827 3610 884 3645 eam
906 3591 1015 3646 dodim
1036 3593 1181 3648 hominihus
1202 3597 1284 3652 ratio·
1361 3624 1366 3630 ·

307 3697 390 3757 Amin,
408 3695 472 3748 qaas
485 3679 551 3732 citio
566 3680 715 3750 culpamque
729 3679 876 3734 addara.
914 3675 964 3730 Va·
975 3677 1060 3748 igitur
1079 3678 1148 3731 loono
1163 3681 1221 3746 snit
1241 3698 1284 3734 er·

313 3764 366 3818 rori
382 3761 509 3818 deornm?
748 3787 750 3792 .

358 3865 470 3920 Terent·
482 3864 551 3918 nun.
566 3858 592 3928 1,
609 3859 636 3924 l,
650 3859 677 3914 1.
693 3859 831 3916 Phaedria
848 3876 939 3916 seeum
961 3858 1096 3930 loquitari
1114 3861 1175 3932 quid
1197 3862 1282 3934 igitur

307 3949 433 4017 jachon?
452 3947 576 4018 cogitans
595 3945 669 3998 ritae
683 3960 748 4000 sane
765 3946 960 4004 conditionem:
979 3949 1139 4002 unruocha
1153 3947 1282 4001 ichnos?

314 4031 316 4038 '
347 4049 435 4105 meus
453 4052 532 4104 cm.
547 4050 574 4114 a,
587 4044 614 4112 a
628 4045 672 4100 et.
690 4049 750 4115 aa
764 4051 849 4119 agrae
864 4047 923 4102 erar
957 4048 1013 4102 ca.
1033 4047 1106 4102 rau.
1121 4048 1164 4114 aa
1178 4049 1221 4114 12,
1237 4049 1280 4104 aa.

309 4148 475 4206 emanares
495 4134 581 4203 igitur
595 4133 625 4188 in
640 4132 747 4186 Aeacii
765 4133 899 4190 latrocinio
920 4149 1000 4204 neure
1012 4149 1064 4196 cars
1076 4131 1150 4190 art?
1174 4133 1209 4189 ad
1219 4135 1285 4188 aa:
