2846 4724
244 344 309 418 284
575 359 577 364 ·
690 401 693 407 ,
742 335 802 406 ΙΝ.

309 515 362 568 ego
373 483 451 548 'cutm
466 485 602 564 ¹iresroouto
623 493 883 556 commandationem,
902 493 947 546 red
967 498 1092 562 tempore.
1120 491 1249 558 11‚·1‚‘t.
1273 493 1304 548 ln

306 580 368 635 ¹Off.
384 578 410 646 3,
427 578 470 643 lt,
485 577 529 632 59.
548 579 625 632 codd.
642 578 776 646 praebent
798 577 915 646 tempori.
948 577 1034 630 Rnttt.
1052 578 1121 646 [nup.
1139 579 1173 643 1,
1189 579 1215 632 1.
1241 597 1303 632 mm

311 665 543 735 puodteneficium
556 671 670 734 tempore
692 672 717 718 et
737 664 854 734 capienti
867 661 967 728 detur,
985 669 1097 733 gratam
1111 671 1157 718 eet.
1183 663 1231 718 nat
1245 664 1301 719 vid.

313 751 460 804 Ruhnken.
642 747 644 754 ’

248 953 251 958 ¹
327 875 360 940 5.
382 871 539 945 Nomina,
564 891 648 958 quae
664 893 733 936 non
750 873 861 960 ipsum
876 881 1010 959 tempus
1025 869 1221 960 significant,
1244 874 1301 939 sed

140 973 144 980 “
243 960 376 1024 remia
402 959 557 1044 tempore
579 958 737 1046 agendam
763 957 816 1034 vel
846 966 972 1040 aetam,
993 970 1049 1021 aut
1074 959 1302 1025 conditionem

160 1059 163 1066 ’
244 1056 275 1110 et
295 1053 417 1110 statum
433 1045 499 1121 rei,
522 1041 560 1107 im
576 1041 859 1132 praepositionem
878 1054 1060 1119 assumunt,
1083 1045 1216 1133 quando
1233 1058 1303 1110 non

244 1130 439 1218 simpliciter
461 1141 613 1216 tempus,
636 1153 720 1218 ¹quo,
753 1130 831 1218 quid
851 1127 981 1192 ‘factum
1012 1131 1073 1204 sit,
1110 1131 1166 1194 sed
1192 1142 1302 1195 torum

245 1217 404 1304 temporis
421 1215 563 1302 spatium
583 1216 632 1280 vel
649 1237 763 1282 cursus
781 1216 849 1278 eius
866 1226 964 1300 atque
979 1213 1175 1280 diuturnitas
1191 1219 1302 1281 nomi·

243 1313 353 1368 natur.
396 1301 440 1366 In
469 1301 564 1364 omni
585 1302 657 1366 aito
690 1312 737 1365 est
787 1323 823 1366 er
844 1311 949 1385 totam
976 1303 1087 1383 vitam.
1137 1301 1182 1366 Ia
1203 1305 1304 1389 igitur
1359 1381 1361 1388 Ι

243 1389 332 1451 idem
357 1389 455 1452 etiam
480 1387 658 1470 exprimit,
689 1324 783 1472 quod
807 1385 889 1450 dum
915 1408 992 1451 cum
1017 1385 1118 1452 verbo
1142 1388 1302 1454 iunctum.

171 1483 173 1488 ’
245 1472 344 1556 (lons.
359 1472 480 1537 Bremi.
499 1471 537 1534 ad
559 1471 692 1536 Cornel.
712 1473 803 1550 Paua.
823 1478 854 1540 2.
874 1477 905 1536 6.
929 1476 1063 1538 Conon.
1083 1480 1112 1554 1,
1132 1479 1161 1537 1.
1185 1475 1302 1539 Graeci

245 1559 366 1622 addere
390 1557 541 1622 solebant
567 1557 781 1645 participium
815 1558 905 1622 verbi
929 1555 1013 1624 εἶναι.
1067 1561 1173 1645 Atque
1205 1583 1302 1648 saepe

243 1644 405 1731 temporis
426 1644 522 1706 notio
539 1643 583 1707 ita
601 1645 812 1730 reprimitur,
838 1653 875 1706 ut
892 1643 962 1730 ipsa
979 1666 1030 1708 res
1046 1653 1175 1708 tantum
1197 1669 1301 1734 appa-

242 1746 341 1807 rens,
367 1739 433 1793 aut
448 1729 596 1793 conditio
618 1729 844 1814 intelligatur,
867 1739 898 1792 st
922 1750 1036 1793 sensus
1061 1731 1101 1792 ad
1124 1731 1300 1795 notionem

242 1815 384 1879 localem
400 1814 529 1879 redeatz
552 1813 639 1880 unde
663 1815 718 1878 ille
743 1836 819 1878 usus
845 1815 989 1892 exsistit,
1014 1814 1055 1878 de
1075 1837 1155 1902 quo(
1171 1839 1205 1903 p.
1221 1816 1301 1882 956.

243 1901 401 1966 diximus.
455 1901 517 1964 Sed
550 1922 619 1963 non
650 1921 755 1988 pauca
781 1903 918 1965 nomina
953 1901 1048 1965 liuius
1079 1903 1206 1988 generis
1231 1903 1302 1966 sine

241 1985 491 2075 praepositione
507 1985 753 2073 usurpabantur
771 1985 811 2050 ab
834 1987 970 2074 optimis
996 1985 1128 2072 quidem
1153 1989 1301 2076 scripto*

192 2074 195 2080 ’
242 2073 352 2154 ribus,
383 2071 517 2158 quando
547 2084 603 2136 aut
632 2073 830 2136 adieetivum
855 2083 910 2136 aut
941 2073 1102 2159 genitivus
1133 2073 1301 2156 adhaeret,
1396 2127 1400 2134 .

243 2181 263 2221 a
276 2158 513 2223 recentioribus
526 2167 623 2244 atque
637 2157 870 2244 antiquissimis
890 2157 988 2222 etiam
1003 2158 1163 2248 simplicia
1181 2159 1243 2242 ita,
1265 2171 1302 2224 ut

241 2244 406 2331 temporis
425 2246 518 2307 notio
537 2244 677 2308 ablativo
700 2244 955 2330 exprimeretur.
1000 2245 1215 2318 Grammatiei
1238 2246 1302 2310 sei-

241 2328 318 2393 licet
335 2330 440 2394 multa'
461 2329 555 2393 aliter
576 2329 697 2392 docent
714 2329 754 2394 de
770 2328 917 2394 ablativis
934 2329 1102 2394 absolutis.
1145 2330 1209 2396 Res
1229 2333 1301 2420 ipsa

243 2437 312 2478 non
329 2417 458 2480 videtur
474 2414 672 2479 obscuritate
687 2414 866 2479 laborare.¹
881 2416 1074 2480 Praedicato'
1088 2415 1187 2494 enim,
1208 2417 1301 2504 quod

243 2503 406 2587 temporis
424 2501 599 2566 notionem
617 2500 1006 2587 simul‘eomprebendit,
1029 2523 1098 2564 non
1119 2505 1300 2589 apponitur

203 2658 205 2662 y
243 2588 448 2674 praepositio
458 2603 475 2661 ‚'
487 2587 562 2651 ideo
590 2609 630 2650 ue
646 2610 681 2650 ea
699 2584 789 2650 abest
805 2608 827 2650 a
843 2588 1023 2674 participiis
1042 2597 1073 2650 et
1097 2587 1138 2651 ab
1164 2588 1300 2655 adieeti-

245 2673 309 2750 vis‚'
321 2674 439 2758 quibus
456 2671 550 2740 adiici
566 2609 699 2736 deberet
710 2672 823 2758 pertici
829 2675 920 2758 pium
931 2672 1020 2738 vetbi
1036 2695 1116 2742 esse.
1132 2673 1165 2737 si'
1178 2673 1298 2752 latinae

245 2758 375 2844 linguae
397 2758 538 2822 'venisset
555 2759 588 2821 in
605 2777 714 2821 usum.
751 2757 824 2821 'Vbi
839 2767 948 2821 autem
973 2759 1117 2822 conditio
1135 2778 1246 2824 terum
1264 2760 1298 2824 in

244 2853 398 2932 tempore
414 2843 475 2906 sita
491 2853 550 2919 eet,
573 2843 673 2931 idque
688 2853 819 2929 tempus
835 2865 904 2907 non
920 2845 985 2908 alio
1003 2845 1135 2922 indicio·
1147 2845 1299 2931 designa·

211 2973 214 2980 -
244 2941 310 3008 tur,
328 2940 451 2992 veteres
471 2928 649 3013 scriptores
669 2929 880 2994 substantivis
898 2929 1078 3016 praefigere
1095 2929 1246 2996 solebant
1262 2932 1299 2995 in
1411 2939 1412 2992 ἔ

244 3015 543 3104 praepositionem,
565 3023 695 3100 praeter
718 3037 754 3079 ea
777 3017 932 3090 nomina,
962 3037 1051 3101 quae
1071 3009 1298 3081 adverbialiter

246 3113 463 3188 usurpantur:
488 3100 607 3179 initio,
625 3100 815 3188 principib.
858 3103 1056 3168 Posterioris
1072 3101 1142 3167 aevi
1157 3125 1299 3168 consue-

244 3187 326 3250 tudo
343 3187 551 3252 haecomnia
571 3187 713 3254 miscuit.

347 3305 435 3359 Varro
455 3307 490 3362 tle
510 3306 553 3357 lte
571 3323 595 3358 r.
612 3304 644 3371 l,
658 3301 706 3361 ⁴34.
731 3307 760 3358 iu
781 3307 952 3376 vergilianam
972 3323 1072 3362 occasu.
1108 3306 1205 3359 Celeus
1222 3307 1255 3372 1,
1273 3305 1298 3359 6.
1411 3335 1412 3354 .

245 3459 249 3466 Ι
310 3393 335 3442 m·
350 3393 413 3460 qaid
428 3395 537 3461 offensae
559 3393 587 3444 im
605 3408 685 3444 coena
704 3391 791 3448 remit.
825 3390 858 3455 2,
874 3388 900 3444 e.
926 3393 954 3447 ia
973 3393 1036 3461 ipsis
1048 3392 1194 3458 seueritas.
1230 3394 1295 3446 Sat-

310 3477 374 3529 tnet.
393 3477 451 3530 Cat
473 3473 524 3542 51,
539 3473 565 3532 6,
585 3493 663 3545 qaam
684 3493 759 3544 saepe
783 3477 1013 3546 Carthaginienses
1033 3485 1059 3534 et
1073 3477 1101 3528 trt
1115 3493 1182 3546 paee
1203 3485 1231 3530 et
1249 3494 1297 3548 per

311 3563 430 3614 induciat
444 3564 527 3630 multip
543 3563 649 3630 aeserta
658 3562 783 3626 facinora
790 3563 922 3628 fecissent.
955 3623 963 3646 x

344 3663 460 3732 Proprie
481 3665 522 3718 ita
547 3665 647 3718 dicitnr
674 3665 708 3716 de
731 3663 858 3732 imperii,
891 3679 1054 3726 munerum,
1085 3661 1299 3732 magistratuum

312 3753 445 3817 tempore.
481 3752 559 3805 Caes.
576 3753 608 3804 B.
626 3749 693 3819 gall.
709 3745 735 3814 2,
751 3749 777 3802 1.
797 3750 841 3816 qui
857 3750 944 3800 mimus
953 3748 1038 3818 soeile
1051 3765 1108 3799 eam
1130 3763 1183 3801 rem
1199 3748 1227 3798 ia
1248 3749 1297 3799 im-

309 3838 381 3903 perio
393 3845 478 3888 nostro
499 3837 618 3904 consequi
636 3827 765 3904 poterant.
801 3833 857 3886 Sed
875 3831 909 3896 l,
925 3830 968 3884 18.
979 3831 1091 3901 'legitur
1097 3849 1104 3883 ε
1129 3832 1237 3900 imperio
1250 3850 1298 3900 pa

310 3922 370 3987 pali
383 3924 486 3972 romani
501 3939 553 3973 mom
565 3899 642 3973 inodo
659 3920 690 3971 tle
703 3936 802 3988 regma,
820 3920 865 3970 sed
881 3919 960 3969 etiam
975 3919 1008 3970 de
1028 3935 1075 3978 ea,
1094 3933 1174 3984 quam
1195 3917 1298 3980 babeat,

310 4006 401 4072 gretia
422 3997 567 4074 desperare·
599 4003 710 4056 Curtius
733 4001 761 4054 in
782 4001 920 4055 codicibus
940 3999 1044 4052 invenit
1067 4004 1093 4053 iu
1115 4003 1228 4068 imperio.
1257 3999 1298 4053 uti

310 4088 414 4156 legitur
431 4090 455 4152 1,
470 4088 513 4140 33.
532 4090 560 4140 ia
577 4096 648 4142 tanto
667 4088 775 4155 imperio
791 4088 881 4154 papali
900 4083 1013 4138 romani.
1046 4085 1238 4153 Sallust.'1ug.
1255 4081 1298 4146 lt,
1411 4137 1412 4154 p

312 4171 355 4225 lt.
375 4174 402 4225 ia
419 4173 529 4245 imperio
546 4181 637 4227 uestro.
673 4171 730 4226 Cic.
749 4172 783 4224 tle
802 4172 862 4235 rin.
877 4169 904 4235 4,
921 4171 964 4238 21,
980 4169 1023 4224 at.
1042 4173 1071 4224 iu
1088 4173 1145 4242 ipse
1164 4171 1299 4241 ςιιὸππα-
