2846 4724
633 352 680 420 IN
853 319 859 344 ·
906 382 912 392 '
1045 395 1059 434 ·,
1130 365 1192 430 811

234 509 295 564 arv.
314 509 348 572 1,
364 505 414 574 rr,
428 507 455 561 s.
473 510 584 578 qaum.
604 508 709 562 areum
730 509 816 580 span
829 510 976 580 flateram
990 512 1142 584 arpinum,
1163 515 1204 574 a*
1315 489 1316 496 ‘

195 615 245 668 per
259 613 347 648 omnes
360 595 387 645 in
403 597 488 647 ortem
504 597 567 680 iqui.
591 593 618 661 6,
633 593 677 658 36,
696 591 723 645 t.

115 705 122 714 ’
232 697 294 752 Lis.
310 693 337 768 6,
353 695 379 762 4,
398 697 440 750 to.
458 717 536 768 qaum
553 700 743 764 increpantes
760 697 998 750 diuisuseaercitus
1012 717 1136 758 mmanm
1149 725 1188 761 se·
1235 679 1237 688 .

196 786 239 836 nis
257 781 328 836 ituris
345 784 375 834 in
393 783 476 835 ortem
494 785 636 836 ruccederet
648 783 757 852 proelio.
778 779 952 856 3t,2u,11.
970 799 1048 836 terrae
1060 787 1142 842 torae
1160 793 1188 844 in

195 871 282 922 ortem
298 869 371 936 operi
385 870 529 924 attributae
545 874 612 923 suat.
647 867 691 923 (il.
706 865 837 921 Heinsius
850 865 887 918 ad
902 865 1044 922 claudian.
1055 869 1092 923 lu
1105 874 1186 929 conr.
1301 861 1306 880 ¹

129 957 132 964 '
194 952 268 1008 Bon.
285 950 346 1004 657.
752 967 754 972 ’

26 1165 34 1186 ,
211 1109 264 1168 18.
296 1101 410 1181 Quum
436 1103 474 1167 ia
496 1100 674 1190 significet,
706 1123 773 1190 quo
798 1101 1068 1190 quidqdirigitur,
1093 1103 1183 1171 idem

64 1220 69 1229 ⁴
122 1191 312 1276 exprimere
329 1199 441 1277 potest
459 1189 511 1272 id,
533 1210 599 1275 quo
617 1187 731 1254 tendat
749 1190 857 1253 oratio
885 1189 934 1252 vel
950 1191 1105 1277 cogitatio
1129 1191 1201 1258 vel'
1274 1209 1276 1216 ⁴

102 1276 308 1352 .iudicium,¹
332 1277 400 1340 sive
425 1297 491 1361 quo
520 1276 694 1362 pertineat.
739 1273 788 1341 lta
811 1274 883 1339 lieri
906 1286 1056 1362 poterat,
1082 1285 1119 1339 ut
1143 1277 1181 1354 ire

118 1384 187 1449 pro
206 1361 249 1424 de
267 1363 470 1448 acciperetur
494 1383 512 1424 a
538 1361 774 1446 grammaticis.
819 1359 947 1425 Dicere
969 1361 1006 1426 ia
1030 1359 1181 1448 aliquem

120 1469 192 1510 esse
211 1447 323 1534 potest
338 1447 424 1511 etde
440 1447 552 1533 aliquo
573 1456 607 1511 et
626 1457 742 1512 contra
765 1446 910 1535 aliquem
933 1457 965 1512 et
987 1449 1022 1512 iu
1046 1447 1180 1514 laudem

118 1531 256 1598 alicuius
280 1533 399 1598 dicere.

226 1654 285 1708 cte.
303 1654 336 1707 tle
352 1651 407 1730 611.
424 1651 451 1717 1,
465 1650 492 1718 9,
504 1651 548 1705 28.
568 1653 659 1720 itaque
678 1652 815 1706 uidendum
830 1661 884 1719 cst,
904 1669 937 1706 nc
949 1673 999 1708 nou
1013 1656 1080 1710 satir
1092 1656 1126 1707 sit
1139 1657 1177 1723 td,

187 1741 257 1810 quoti
274 1741 346 1808 apati
365 1739 501 1790 Platonem
519 1745 556 1790 est
574 1739 600 1788 in
614 1738 778 1806 philosophos
793 1739 900 1792 dictum.
920 1739 1072 1808 ubiquum
1091 1740 1177 1796 tibra-

187 1824 246 1876 rius
270 1823 297 1876 in
322 1825 381 1876 cort.
399 1819 487 1893 guelf.
504 1821 638 1877 scriberet
653 1824 680 1873 in
693 1824 871 1894 philosophis,
889 1821 967 1894 illam
988 1825 1123 1878 rationem
1148 1825 1177 1878 in

57 1905 61 1912 ’
119 1939 121 1943 v
188 1915 281 1961 mente
299 1908 415 1974 habuit,
436 1908 469 1960 de
489 1925 543 1976 qua
563 1925 589 1974 [ι.
604 1905 664 1960 266.
689 1905 797 1974 loquuti
817 1925 921 1961 cumua.
954 1910 1033 1962 Brut.
1047 1907 1097 1975 44,
1115 1907 1176 1962 164.

148 2009 153 2018 ·
188 1996 237 2046 itia
250 1996 280 2046 in
295 1995 379 2064 legem
399 1993 536 2064 Caepionis
556 1992 659 2044 oratio:
678 1991 748 2056 quoti
771 2008 825 2042 non
848 1999 889 2045 est
911 1993 939 2044 in
961 1993 1070 2045 leudem
1092 1993 1175 2062 legis,

187 2078 236 2131 secl
251 2095 334 2145 super
352 2079 425 2148 lego.
459 2076 550 2130 Aliter
570 2074 687 2128 Beierus
702 2091 764 2126 cum
778 2075 951 2144 Heusingcro
971 2079 1006 2129 ud
1027 2077 1080 2148 loc.
1094 2075 1175 2131 offic.

189 2163 224 2215 (le
237 2164 315 2216 Orat.
329 2161 361 2227 2,
376 2161 429 2226 86,
442 2158 504 2213 352.
528 2178 606 2228 quam
628 2167 746 2214 coenaret
760 2160 905 2213 Simonides
921 2164 995 2231 apud
1008 2164 1121 2230 Scopam
1140 2189 1176 2204 ·-·

172 2263 175 2270 ·
187 2248 365 2316 cecinissetque
375 2249 402 2301 id
412 2265 526 2310 carmen,
548 2247 615 2314 quod
624 2247 651 2296 in
665 2262 722 2298 eum
730 2245 872 2314 scripsisict
883 2253 936 2300 etc.
954 2245 1175 2312 Τυεε.1,34,84.

188 2331 346 2386 Callimachi
359 2334 462 2400 quidem
480 2332 647 2403 epigramma
664 2333 697 2383 ἐπ’
707 2332 906 2384 Ambraciotam
924 2333 1109 2385 Cleombrotum
1126 2340 1174 2386 est.

188 2414 223 2470 aa
239 2417 333 2484 Quint.
347 2418 382 2470 fr.
396 2416 430 2481 2,
443 2415 470 2470 6.
493 2419 523 2468 ia
537 2433 594 2484 eam
615 2417 734 2468 tabulam
750 2418 845 2486 magui
864 2419 932 2470 risus
946 2419 1172 2486 consequebantur.

191 2503 303 2556 Sueton.
312 2502 408 2556 Tiber.
416 2501 459 2553 21.
476 2516 575 2553 versum
590 2501 663 2553 iilum
678 2501 707 2555 in
720 2509 745 2553 te
759 2519 834 2570 posse
849 2503 909 2557 dici.
928 2500 948 2554 i.
962 2519 986 2554 e.
1003 2500 1031 2553 in
1046 2507 1074 2556 ts
1091 2503 1175 2558 verti.
1288 2539 1290 2544 -

222 2604 280 2657 cte.
299 2622 324 2671 p.
340 2604 434 2672 Quint.
454 2601 505 2669 20,
527 2602 571 2656 tta.
593 2609 701 2672 fatetur
722 2604 805 2667 enim,
832 2605 1030 2673 Alphenumq-
1049 2605 1174 2658 iudicium

185 2690 247 2760 quin
261 2690 389 2760 acciperet
404 2691 433 2740 in
450 2707 482 2741 ea
497 2690 555 2758 ipsa
572 2691 667 2754 verta,
689 2706 757 2757 quae
777 2689 891 2742 Naeuius
908 2690 1012 2753 edebat,
1031 2707 1080 2740 aon
1100 2681 1175 2742 recass

184 2788 263 2828 sosse-
298 2775 363 2830 Huc
377 2773 531 2853 ,retulerim
547 2774 634 2828 verba
654 2775 768 2828 Vurron.
792 2774 826 2826 (lo
846 2775 882 2827 R.
898 2791 922 2827 r.
937 2771 972 2837 2,
988 2773 1022 2837 1,
1039 2771 1082 2824 21.
1100 2775 1174 2826 cuius

185 2859 308 2920 scientiae
323 2876 422 2928 genera
440 2859 507 2923 duo,
524 2876 607 2911 uuum
629 2865 660 2910 ut
675 2859 865 2921 inhominem,
883 2858 920 2910 ati
943 2873 1016 2926 quem
1034 2858 1174 2911 adhibendi

136 2998 137 3007 q
185 2945 284 2997 medici.
303 2941 322 2994 i.
339 2960 363 2994 e.
377 2943 546 3012 ereforden
559 2943 717 3007 Mensurae,
734 2939 786 3012 'qais
800 2948 853 3012 aas
864 2942 1002 2995 Mensclcen
1016 2944 1152 3011 geruum.

88 3115 90 3124 Ι
210 3039 308 3098 Plani.
327 3046 412 3097 Truc.
428 3044 454 3110 1,
470 3045 501 3109 2,
511 3043 555 3098 56.
572 3064 637 3114 quae
656 3046 685 3098 iu
700 3063 746 3099 nos
763 3047 884 3114 illosque,
904 3062 935 3098 ea
953 3045 1041 3097 omnia
1063 3045 1111 3097 titi
1130 3045 1172 3099 di·

185 3130 229 3182 cis.
250 3129 269 3181 i.
285 3148 309 3184 e.
327 3130 467 3182 adversus.
503 3129 560 3182 sea
577 3130 659 3184 Most.
675 3129 701 3194 1,
714 3121 746 3194 Β,
761 3128 804 3182 82.
822 3131 846 3180 si
860 3129 924 3202 qaid
937 3135 968 3181 ta
989 3129 1017 3181 iu
1033 3131 1106 3183 situm
1128 3133 1172 3184 te-

179 3232 215 3267 nc
230 3218 297 3268 uoles
310 3215 397 3285 ioqui,
414 3216 443 3269 id
462 3215 534 3284 loqui
545 3215 636 3270 licebit.
670 3213 787 3290 Quintil.
801 3212 836 3279 6,
852 3214 887 3280 1,
904 3211 932 3270 ὅ.
950 3214 1043 3287 optimc
1057 3215 1086 3267 ia
1110 3215 1172 3269 Ver-

182 3317 237 3354 rem
253 3299 350 3354 Cicero.

199 3455 251 3515 19.
282 3450 366 3515 Sunt
392 3453 490 3515 etiam
514 3448 697 3526 formulae,
731 3450 767 3514 in
788 3449 912 3538 'quibus
945 3451 984 3516 iu
1009 3447 1172 3538 significat

112 3556 185 3599 rem
213 3547 350 3622 tangere
372 3537 535 3623 aliquem,
558 3534 610 3600 vel
628 3533 700 3599 fieri
719 3536 836 3622 'aliquo
855 3538 1011 3617 nomiae,
1042 3537 1092 3601 vel
1115 3558 1170 3600 re-

112 3620 198 3684 ferri
211 3623 252 3686 ad
271 3623 413 3706 aliquids
436 3621 623 3709 germanice
640 3617 711 3710 auf
718 3635 825 3689 etwas
840 3623 914 3689 izin.
955 3623 1009 3687 Sia
1027 3631 1170 3689 contru-
1232 3683 1236 3692 ,

110 3708 191 3772 licre
207 3731 265 3772 aec
283 3709 435 3773 alienum
450 3708 489 3772 ia
506 3703 664 3796 aliquem.

213 3835 324 3904 Terent.
349 3833 466 3904 fleat,
481 3832 515 3900 4,
530 3833 574 3888 63.
598 3843 736 3904 sumptas,
764 3851 828 3904 quor
841 3836 933 3902 fecisti
952 3835 981 3887 ia
1008 3827 1078 3887 cani.
1111 3833 1170 3887 cie.

104 3915 106 3924 ⁴
180 3918 210 3972 iu
233 3921 316 3975 catil.
334 3922 364 3987 2,
375 3923 402 3988 2,
418 3919 444 3976 4.
470 3916 577 3990 quorum
599 3937 643 3973 aes
669 3921 783 3973 alanum
808 3919 974 3972 contractum
992 3918 1022 3971 in
1042 3920 1170 3988 popinam

181 4006 285 4057 nuttam
299 4007 338 4058 rei
352 4009 470 4077 publicae
485 4013 584 4060 motum
599 3989 694 4073 afferri
705 4011 816 4075 poterat.
853 4003 975 4056 Temere
992 4009 1180 4064 correxerunt!
1228 4027 1230 4032 ’

181 4091 210 4141 iu
224 4091 331 4159 popina.
364 4091 458 4145 Tacit.
478 4091 550 4144 Hist.
572 4091 606 4154 6,
621 4089 665 4144 86.
681 4108 788 4143 sacrum
809 4090 891 4141 etiam
913 4088 941 4140 ia
961 4095 1061 4142 eeteros
1080 4083 1192 4160 gentes'

181 4175 397 4252 legatorumiur.
430 4175 531 4229 Seuec.
549 4175 644 4230 Oetae.
660 4173 722 4227 961.
746 4175 787 4227 ius
803 4173 831 4226 iu
845 4191 900 4227 nos.
935 4171 1036 4228 Lucan.
1057 4173 1090 4239 1,
1109 4171 1170 4227 466.
