2856 4722
430 382 444 404 ’·
511 360 739 432 ‘luTnREs
1101 368 1164 432 417

130 587 133 597 s
211 519 268 574 cic.
285 537 311 587 p.
327 519 433 574 cluent.
446 518 495 584 stt,
511 515 556 570 82.
588 517 828 578 maiesataam,
850 533 929 584 mom
951 518 1091 571 carcerato
1113 521 1165 576 teta

178 607 348 660 meditatione
360 611 479 657 uersatur
494 631 528 640 -
537 621 546 654 r
556 620 642 670 ,quum
657 602 757 652 interea
772 599 932 651 cluentianae
942 604 1066 668 pecuniae
1087 609 1165 659 cesti.

180 691 257 760 giam
272 691 374 742 nullum
393 688 519 741 inuenitis.
554 685 615 738 biv.
628 683 655 749 5,
671 681 714 747 54,
734 680 760 734 5.
779 683 847 736 inter
861 691 900 735 tot
913 687 1064 740 veterrimos
1077 709 1165 760 popu.

180 777 217 826 los
233 775 333 828 tamdiu
347 773 415 825 tella
433 773 535 841 geritis,
549 787 626 839 quum
643 771 742 821 interea
757 795 791 806 -
805 784 857 819 non
871 767 991 821 universa
1008 771 1119 826 Etruria
1129 802 1164 816 -
1240 769 1242 774 ’

129 883 131 891 “
179 859 242 912 bello
262 859 331 911 uobis
344 875 395 927 par
412 863 458 908 cst.

216 961 317 1013 catull.
333 959 393 1023 1⁰1,
408 957 434 1010 't.
454 975 521 1010 nnnc
536 947 623 1010 tamen
645 958 766 1020 interea,
781 957 867 1025 pn‘rm
888 972 955 1024 quae
976 973 1047 1010 more
1064 979 1164 1030 paren.

81 1092 85 1101 .
179 1053 237 1099 tam
251 1042 356 1098 tradita
370 1049 430 1096 eunt
443 1044 529 1096 trister
551 1029 659 1094 mun'era
682 1044 717 1093 ad
738 1042 862 1109 inseriae,
880 1040 974 1108 accipe.
990 1039 1009 1092 i.
1027 1059 1051 1096 e.
1069 1061 1103 1097 ne
1116 1047 1164 1100 lu..

177 1129 267 1183 atibus
282 1128 450 1196 indulgeam.
484 1125 572 1178 Aliter
588 1127 686 1179 Cicero
701 1127 734 1178 de
749 1123 825 1177 Orat.
842 1124 867 1188 1,
883 1122 927 1189 42,
945 1121 1004 1176 191.
1025 1136 1101 1196 atque
1123 1133 1164 1184 tn.

177 1223 247 1270 terea
262 1203 369 1277 tamen.
385 1209 446 1264 diem
461 1212 525 1263 baec
540 1228 604 1278 quae
619 1213 736 1280 dispersa
752 1216 828 1273 cunt,
845 1216 988 1279 coguntur,
1009 1214 1050 1264 oet
1062 1219 1164 1282 passim

181 1299 240 1352 lieet
260 1305 408 1367 carpentem
424 1303 450 1350 et
472 1297 634 1364 colligentem
654 1298 766 1364 undique
788 1291 882 1362 repleri
903 1297 974 1348 trima
995 1298 1059 1349 iuris
1081 1301 1175 1353 ciuilis·

179 1383 295 1435 scientia.
329 1380 427 1448 Virgil.
449 1380 509 1432 Ecl.
531 1373 620 1443 1‚'5s.
644 1398 689 1432 nce
712 1387 802 1433 tamen
818 1371 918 1430 interese
935 1395 1033 1444 raucae
1054 1407 1088 1424 ·-
1110 1401 1164 1453 pa-

130 1502 135 1513 .
178 1467 293 1531 lumbes,
307 1483 355 1518 nec
366 1482 469 1536 gemere
485 1465 558 1518 aeria
572 1464 680 1516 cessabit
694 1471 783 1517 turtur
799 1464 833 1516 at
849 1465 928 1517 ulmo.

195 1604 231 1665 8.
261 1601 403 1688 Antiqua
426 1599 491 1665 fuit
515 1599 718 1665 consuetudo
748 1600 880 1666 interea
912 1622 988 1666 cum
1017 1607 1161 1690 genitivo

109 1685 194 1764 loci,
217 1687 274 1774 qui
292 1710 355 1774 pro
382 1698 534 1774 tempore
556 1687 623 1750 sive
648 1687 811 1772 temporis
831 1686 1025 1753 conditione
1051 1687 1174 1759 nomi-'

110 1772 272 1853 uebatur,
303 1773 490 1861 copulandi.
548 1771 612 1836 Sed
636 1783 713 1858 post
735 1772 881 1836 comicos
904 1795 1006 1838 nemo
1038 1775 1082 1842 ita
1109 1780 1163 1842 lo-

110 1869 237 2008 ἓιωῑυε
262 1869 328 1936 est,
362 1861 421 1923 elsi
449 1857 537 1946 apud
565 1857 755 1922 Sallustium
780 1857 918 1944 legimus
934 1872 1064 1944 postea
1085 1864 1163 1930 loci.

144 1944 325 2007 commatici
342 1943 464 2006 ueteres
482 1943 565 2006 hono
580 1964 655 2006 com
684 1943 802 2006 ositam
823 1943 1002 2008 dictionem
1027 1949 1083 2012 uni
1106 1975 1163 2016 ac-

51 2044 56 2052 “
99 2030 222 2094 'cantui
250 2027 505 2108 submittebant,
537 1966 802 2092 et'scribendum
836 2027 1164 2109 arbitrabanturin-

110 2113 284 2180 terealoci.
319 2114 479 2178 ¹Diomed.
497 2136 530 2200 p.
547 2116 621 2178 428.
644 2113 794 2179 Priscian.
815 2112 999 2180 desiccent.
1017 2141 1051 2204 p.
1071 2125 1165 2188 1288.

111 2198 325 2286 ambiguitas
342 2222 423 2282 pero
437 2198 692 2284 pronuntiandi
706 2222 809 2284 saepe
828 2199 939 2285 legem
964 2217 1164 2270 accentuum

102 2284 309 2374 perturbat,
331 2297 368 2349 ut
383 2286 415 2348 si
436 2285 509 2374 qrtis
533 2285 630 2349 dicat
649 2285 827 2350 interea
848 2285 953 2365 loci,
972 2289 1162 2376 quiessent,

110 2383 226 2436 utrum
256 2369 353 2434 dicat
385 2371 534 2435 alterum
560 2381 702 2457 partem
739 2370 916 2436 interea
949 2383 982 2435 et
1016 2375 1165 2443 alterum

110 2457 218 2536 loci,
240 2456 329 2544 qood
344 2479 413 2521 uon
429 2456 638 2542 separatim,
660 2454 722 2518 sed
740 2453 799 2518 sul>
823 2479 890 2519 reno
914 2471 1055 2523 accentu
1078 2486 1163 2548 pro-

110 2541 343 2608 nuntiandum
366 2554 433 2618 est,
454 2565 496 2607 ne
517 2539 781 2628 ambiguitatem
803 2541 839 2604 iu
861 2564 1016 2608 sermone
1028 2543 1163 2634 faciat.

111 2629 192 2707 (Alii
210 2627 307 2692 codd.
323 2626 567 2714 ideoquetamb.
584 2627 620 2690 iu
636 2649 661 2690 s.
670 2623 776 2712 facit.
799 2627 888 2712 quod
906 2651 973 2692 non
993 2643 1164 2717 praestet..)
1213 2673 1215 2684 ι

109 2715 155 2780 At
171 2713 319 2778 Krilnius
341 2712 381 2775 ad
405 2713 536 2777 Sallust.
564 2711 633 2798 lug.
650 2715 702 2792 63,
723 2716 753 2777 6.
776 2713 952 2798 analogiae
971 2737 1083 2782 caussa
1111 2723 1164 2786 di-

111 2801 180 2864 visa
198 2798 295 2862 verba
313 2798 454 2862 scribere
472 2798 561 2862 iubet
576 2798 667 2862 iuter
689 2821 730 2861 ea
756 2797 832 2864 loci.
877 2801 1105 2869 Pronuntiat'ro
1129 2808 1164 2872 in

109 2883 165 2947 his
181 2883 408 2970 maximopere
426 2882 525 2956 valet,
551 2905 610 2946 nec
628 2882 713 2945 cedit
728 2887 950 2970 grammaticis
968 2893 1164 2990 praeceptis.

105 2969 217 3036 Etiam
238 2970 333 3034 verba
355 2969 390 3034 in
410 2970 573 3056 scriptura
590 2967 730 3032 discreta
750 2970 1005 3037 continebantur
1028 2987 1164 3045 notione

108 3067 144 3120 et
157 3065 303 3120 accentu.

213 3176 303 3228 Plnut.
319 3174 346 3237 1,
363 3174 390 3238 1,
407 3173 450 3226 11.
477 3174 578 3225 interca
601 3171 652 3224 loci
670 3177 719 3224 nat
743 3171 808 3224 acra
830 3179 877 3224 aut
898 3174 985 3227 unum
1009 3204 1044 3216 -
1067 3187 1163 3239 tentat.

108 3283 111 3288 ·
177 3259 279 3312 Pseud.
298 3258 323 3323 1,
340 3259 365 3323 3,
384 3259 427 3311 32.
447 3257 519 3309 Men.
537 3255 564 3318 ὃ,
579 3255 604 3322 1,
621 3255 646 3307 1.
664 3257 777 3309 Terent.
796 3255 865 3308 Eunt
880 3257 906 3324 2,
922 3258 948 3324 2,
963 3257 1006 3311 24.
1024 3263 1087 3316 dnm
1101 3268 1165 3321 haec
1276 3297 1281 3304 ·

182 3346 327 3414 loquimar,
354 3345 453 3396 interca
471 3341 521 3394 loci
542 3341 578 3393 ad
593 3343 745 3406 macellum,
767 3342 811 3392 ubl
826 3344 993 3408 advenimus,
1011 3362 1166 3407 concurrunt

182 3435 233 3481 etc.
246 3421 255 3456 ⁸
268 3425 409 3493 fleant&
428 3427 454 3490 ὃ,
471 3423 513 3478 16.
531 3427 600 3480 Eun.
617 3425 642 3488 1,
656 3424 683 3489 2,
699 3423 742 3476 46.
758 3425 895 3479 Pacuvius
917 3430 988 3496 apud
1003 3429 1122 3486 Nonium
1143 3455 1165 3489 e.

182 3529 210 3566 r.
217 3523 221 3536 ¹
222 3514 300 3581 flecti
315 3509 346 3575 8‚'
356 3511 398 3565 37.
416 3513 516 3564 interea
534 3512 583 3562 loci
589 3511 668 3577 flocti
678 3511 847 3578 flacciscaut,
864 3515 986 3566 silescant
998 3520 1083 3583 ocati,
1101 3521 1165 3573 mol·

146 3657 152 3666 ,
182 3599 248 3652 litor
264 3615 344 3649 mare.
377 3597 420 3650 lta
435 3595 508 3648 enim
522 3602 563 3648 est
579 3594 753 3648 scribendum
769 3611 819 3662 pro
835 3598 932 3652 interea
947 3599 1012 3652 loca

197 3737 229 3796 9.
253 3729 409 3797 Historici
427 3731 485 3796 hae
504 3731 664 3820 particula
681 3741 819 3796 utuntur
842 3732 873 3794 in
891 3734 1164 3818 transgrediendo
1208 3730 1211 3739 ’

111 3819 153 3885 ad
173 3815 250 3881 alias
268 3841 319 3882 res
339 3818 499 3881 continuo
513 3828 665 3899 tempore
683 3815 795 3882 factas.
839 3819 906 3899 Qui
920 3839 1036 3883 ususa
1059 3824 1165 3903 poetis

111 3904 215 3991 epicis
232 3904 398 3968 transiisse
416 3903 544 3968 viduus
562 3903 601 3966 ad
618 3901 829 3968 historiarum
852 3914 1024 3968 suctores.
1058 3907 1165 3994 Wag-

111 4009 213 4056 nerus
228 3989 263 4052 in
285 3990 420 4069 Quaest.
437 3989 551 4076 Virgil.
566 3993 597 4053 7.
620 4010 652 4076 p.
670 3993 744 4054 398.
767 3999 797 4054 et
826 3988 865 4053 ad
884 3990 964 4052 Aen.
984 3995 1034 4069 11,
1053 3997 1081 4056 1.
1103 3994 1186 4056 d0·.

112 4078 180 4140 cuit
215 4074 349 4138 interea
382 4096 458 4139 cum
484 4073 630 4161 perfecto
663 4074 889 4162 compositum
917 4073 1166 4160 significareid,

112 4160 205 4250 quod
215 4171 420 4250 postquam.-
444 4161 535 4246 quod
551 4160 696 4225 alienum
713 4161 752 4224 ab
765 4162 835 4249 ipsa
852 4159 1023 4246 porticula.
1096 4193 1098 4200 ·

179 4269 263 4336 ΙΙΙ..
296 4329 299 4341 ,
835 4273 877 4333 27
