2856 4720
180 369 185 374 .
246 339 312 406 aas
613 333 615 338 ·
706 329 843 402 ΙΜΜο.

314 498 354 549 cat
369 507 476 563 qnoque.
512 489 626 549 Terent.
639 487 724 568 Andr.
739 485 766 556 8,
780 489 807 557 d,
826 487 870 545 1⁸.
889 489 966 545 Simo
981 488 1185 599 dubitat,‘qaid
1199 495 1307 551 incien-

315 573 449 642 dum'eit,
465 580 494 629 et
510 575 599 631 amieo
620 575 753 644 relinquit
773 591 835 630 rem
857 577 1118 632 administrandam:
1142 585 1201 633 tum
1217 583 1309 635 Chre·

317 680 394 717 mesa
415 663 635 729 sanctaenon,
650 663 736 730 itaque
749 663 854 732 postulo
869 671 897 716 nt
904 666 969 731 fiat.
987 662 1006 716 i.
1022 679 1047 715 c.
1060 664 1152 717 nullus
1168 674 1210 720 est
1224 666 1309 721 dubi-

311 731 415 803 tntioni
433 748 519 800 locus.
552 747 602 801 Aa.
615 745 699 814 558,
715 745 743 800 5.
767 765 799 802 nr·
825 748 910 800 Haud
932 749 1009 800 aura
1031 765 1127 806 acmo.
1161 767 1190 802 n.
1225 753 1308 808 lmmd

314 836 399 889 berete
417 835 458 888 ita
479 831 552 886 aclis
572 825 653 886 derel.
677 832 707 888 lr.
727 849 755 886 e.
778 848 833 886 non
850 832 886 887 nd
908 831 1062 902 opinionem
1084 832 1159 888 redit
1178 853 1241 903 res,
1258 837 1309 891 scd

314 918 404 975 olllcii
422 924 473 972 est·
958 923 971 948 ⁸
1193 915 1197 918 ’

624 993 634 1018 t
681 993 683 998 ’
1049 1018 1052 1026 f
1126 1013 1128 1018 .
1170 1009 1175 1016 ,

330 1047 364 1109 8.
388 1039 455 1107 Vbi
479 1041 552 1127 quis
577 1040 704 1113 ironice
728 1050 777 1106 est
792 1039 968 1191 loquutus,
997 1052 1055 1107 ant
1077 1037 1223 1108 narravit
1245 1040 1308 1106 ali·
1365 1113 1371 1123 .

189 1194 196 1209 ,
247 1128 329 1220 quid
346 1147 417 1193 esse
432 1127 642 1210 simulatum,
654 1128 744 1198 alter
760 1149 822 1216 per
863 1149 924 1192 anc
939 1129 1137 1217 particulam
1158 1127 1306 1194 affirmat

245 1239 320 1308 rem
335 1237 407 1280 non
422 1213 458 1278 iu
473 1212 613 1282 dubium
629 1215 759 1296 venire,
781 1222 838 1278 aut
860 1234 930 1278 nou
948 1225 1078 1281 tantum
1098 1217 1206 1303 specie
1223 1232 1305 1279 con·

247 1315 347 1370 stare.
665 1326 668 1335 ¹
1264 1325 1268 1339 f

350 1417 465 1475 Terent.
479 1421 550 1473 Eun.
564 1415 592 1486 3,
606 1415 632 1485 1,
648 1417 692 1472 lu.
716 1418 765 1473 isui
777 1419 1026 1498 regemn-elegantem
1040 1436 1145 1473 narras.
1179 1434 1230 1472 uu.
1251 1419 1305 1478 Iru-

313 1523 357 1564 rno
375 1507 412 1560 sic
428 1509 504 1560 bomo
518 1509 565 1560 est.
599 1504 712 1559 Sallust.
736 1506 796 1558 cut.
812 1504 864 1570 52,
879 1503 923 1558 28.
948 1498 1048 1559 scilicet
1071 1505 1112 1560 re's
1132 1513 1227 1578 aspero
1249 1513 1304 1560 ests
1414 1523 1415 1526 ’

199 1610 204 1624 ’
313 1594 360 1648 aad
373 1609 417 1644 uos
432 1608 486 1644 aaa
500 1590 597 1644 timetis
609 1606 679 1643 eum.
711 1589 793 1643 Immo
808 1607 865 1641 aero
879 1605 1010 1642 maccam.

348 1694 441 1749 Plaut.
463 1692 544 1761 Epid.
562 1691 596 1758 3,
618 1689 645 1758 3,
668 1688 712 1743 39.
738 1710 788 1763 ego
809 1679 864 1745 illio
885 1710 925 1745 me
948 1699 1036 1745 cutem
1056 1691 1094 1746 sie
1108 1693 1304 1749 'assimulatum

314 1780 397 1856 qnasi·
413 1779 555 1848 stolidum,
587 1793 667 1846 muas
687 1778 801 1833 bardam
818 1784 871 1830 'me
896 1777 1037 1844 faciebam.
1077 1795 1122 1832 nn.
1143 1780 1236 1836 -lmmo
1255 1783 1304 1836 'ita

312 1867 393 1922 (lecet.

257 2039 262 2046 -
328 2003 362 2067 9.
382 2001 501 2066 Poetae
514 1998 664 2066 liberiori
679 2021 741 2065 usu
757 1998 862 2065 immo
879 2020 944 2088 pro
962 2007 1003 2064 at
1019 2008 1164 2086 ponunt.
1208 1998 1302 2068 Tum

242 2109 296 2156 res
313 2090 501 2177 opponitur
516 2089 644 2153 diversa
663 2083 898 2152 aut‘contraria'
913 2086 1120 2173 simpliciter.
1200 2099 1204 2103 ’
1276 2136 1282 2145 .
1364 2113 1365 2120 ¹

260 2228 263 2238 ·
346 2207 448 2277 virgil.
463 2208 523 2261 Ecl.
539 2187 574 2271 l,
588 2205 632 2260 41.
649 2208 728 2261 immo
746 2225 797 2277 ego
812 2208 914 2262 sardois
934 2206 1025 2260 uidear
1041 2207 1089 2258 tibi
1105 2207 1223 2261 amrior
1243 2207 1304 2280 lter-

315 2293 354 2346 lis
368 2293 424 2346 etei
457 2293 585 2362 Corydon
602 2296 684 2345 antea
707 2308 771 2345 usus
787 2298 848 2346 erat
871 2293 966 2346 verbis
992 2292 1139 2346 admodum
1161 2291 1302 2348 iucundis:

312 2377 385 2431 baec
400 2377 514 2431 invertit
535 2376 652 2461 Thyrsis
668 2382 697 2430 ct
715 2394 750 2430 ex
764 2393 815 2431 suc
839 2378 928 2433 alteru
941 2382 1022 2446 purte
1037 2375 1159 2447 loquitur
1176 2378 1303 2433 eamdem
1416 2371 1417 2412 t

313 2464 479 2519 sententium
495 2463 600 2530 asperia
615 2459 717 2516 verbis.
851 2474 853 2480 ’
1057 2474 1059 2482 ’
1416 2461 1417 2476 ¹

220 2583 222 2589 ⁴
270 2563 273 2570 ’
328 2561 445 2638 'Virgil
460 2567 527 2619 Aen.
543 2565 569 2631 9,
583 2564 627 2618 ut.
645 2567 691 2619 cci
704 2573 781 2619 tanta
794 2567 841 2648 aleo
855 2539 984 2634 permissa
996 2563 1134 2635 potestus?
1169 2565 1251 2619 lramo
1268 2591 1304 2604 -

310 2653 448 2707 mortalem
462 2652 574 2722 eripiam
583 2655 714 2719 sormam,
734 2651 877 2722 magnique
891 2650 979 2703 iubebo
995 2650 1114 2720 aequoris
1127 2667 1181 2704 aare
1196 2653 1267 2704 deas.

212 2783 232 2854 s
331 2793 383 2854 10.
406 2787 495 2854 Haec
513 2787 625 2852 omnia
643 2797 699 2852 aut
717 2787 750 2852 iu
768 2786 942 2874 colloquiis
966 2795 1046 2853 sunt
1065 2785 1161 2851 obvia
1182 2796 1238 2852 aut
1262 2785 1302 2852 ab

227 2875 434 2946 (oratoribus
457 2897 492 2938 se
516 2875 607 2962 ipsos
625 2867 1041 2962 corrigentibusadbibrta.
1085 2872 1149 2938 Sed
1169 2875 1303 2958 quaeri-

233 2967 316 3042 tur,
338 2959 506 3050 antiquine
522 2961 699 3048 scriptores
725 2963 760 3026 in
784 2959 943 3027 contiuua
969 2960 1119 3024 oratioue
1141 2959 1181 3023 ad
1207 2959 1304 3040 com-

241 3049 419 3113 mutandas
437 3046 592 3112 notiones
610 3052 839 3134 usurpaverint
855 3045 960 3136 imaro
976 3067 1038 3132 pro
1057 3042 1108 3108 vel
1127 3045 1305 3137 potipset

237 3132 351 3217 adeo,
371 3134 466 3199 sicuti
482 3133 655 3198 novissimi
676 3135 841 3220 temporis
861 3134 1038 3219 scriptores
1057 3129 1165 3196 dicere
1181 3132 1303 3196 solent.

241 3219 351 3299 Raro,
387 3230 491 3320 puto,
515 3229 585 3319 'aut
616 3240 812 3306 numquam.
870 3215 957 3282 Haec
986 3216 1303 3283 enim‘consuetudo

241 3317 321 3396 post
352 3329 480 3392 primos
512 3315 732 3394 imperatores
762 3303 958 3370 increbruit.
1019 3303 1135 3368 Cicero
1169 3303 1304 3389 quidem
1412 3301 1415 3308 ’

172 3395 174 3402 ’
242 3414 312 3456 non
337 3394 379 3457 ita
397 3391 555 3478 loquutus
574 3400 640 3466 est,
663 3390 727 3454 nisi
745 3402 800 3454 aut
816 3389 1033 3475 interrogatio
1050 3390 1228 3475 praecessit
1247 3398 1304 3454 aut

243 3477 425 3556 dubitatio,
455 3500 542 3564 *quae
564 3477 669 3541 instar
696 3487 781 3542 esset
812 3474 1104 3564 interrogationis,
1135 3483 1191 3538 aut
1209 3475 1305 3556 reii-

242 3564 360 3628 ciendo
377 3573 516 3650 negatur
533 3562 728 3628 antecedens
746 3563 923 3627 sententia..
964 3559 1025 3624 Vbi
1047 3559 1304 3632 aureradiabat

241 3650 348 3715 immo
364 3650 489 3724 etiarm,
516 3648 620 3712 immo
637 3670 713 3712 vero
726 3649 861 3729 etim,
884 3647 979 3712 aliter
1000 3667 1035 3708 sc
1057 3645 1158 3709 habet
1180 3646 1303 3710 verbo·

239 3755 317 3800 rum
346 3727 438 3800 nitio.
496 3734 657 3797 Varronis
679 3735 779 3798 verba
803 3735 955 3797 Perottus
980 3727 1077 3795 affert
1105 3729 1204 3794 haec:
1233 3753 1304 3796 nou

239 3821 460 3899 climentiae,
496 3819 602 3884 immo
634 3819 789 3883 saevitia
818 3829 869 3883 est
899 3816 1037 3883 laedere
1076 3815 1303 3881 innocentem.

241 3907 425 4006 eademque
455 3915 611 3992 repetunt
642 3903 759 3990 reliqui
787 3903 971 3969 lexicorum
997 3913 1163 3966 auctores:
1200 3922 1301 3969 nemo

240 4002 351 4058 tamen
367 3992 543 4074 radicavit,
564 3989 621 4054 ubi
644 4011 680 4054 ea
705 3991 877 4056 invenerit.
923 3989 1035 4068 Quare
1057 3987 1200 4052 dubitari
1223 3987 1302 4052 licet

242 4079 284 4143 de
310 4077 523 4144 auctoritate:
559 4085 647 4139 certe
671 4096 741 4141 nou
765 4076 800 4140 iu
825 4075 916 4140 libris
942 4075 983 4152 (le
1004 4073 1053 4138 Re
1090 4082 1176 4139 rust.
1210 4073 1301 4138 cuius
1377 4083 1382 4092 “

239 4163 318 4252 libr.
337 4169 367 4231 1.
395 4185 423 4229 c.
441 4168 494 4230 12.
527 4159 704 4250 Schiitzius
733 4160 904 4245 nominat,
927 4159 986 4228 illa
1012 4158 1111 4227 verba
1134 4151 1301 4246 leguntur.
