2902 4718
607 315 699 404 tata.
870 309 877 326 ’
1115 323 1177 390 aaa
1213 271 1217 294 ⁶

129 437 135 444 ,
213 472 316 528 Venias
327 471 423 530 amata.
455 471 512 527 lan
529 475 625 540 nanta
638 471 691 529 iata
706 470 887 532 inmortalitas
897 472 1017 544 putanda
1027 482 1084 544 u,
1099 491 1177 546 qm

206 559 287 614 duan
301 557 443 638 auctricae
460 557 640 626 deamata.
674 553 789 630 Quintil.
802 555 830 622 ὅ,
846 555 889 622 11,
903 555 947 611 811.

222 695 275 758 26.
295 690 391 757 Multi
406 691 588 758 docuerunt
605 691 678 756 iam
691 689 920 758 transitionem
943 693 1098 760 orationis
1121 693 1174 762 el·

140 775 235 843 ficere
251 787 282 842 et
300 775 531 842 connectendis
546 776 692 866 partibus
708 777 775 840 eius
789 795 997 860 succurrere,
1018 789 1050 843 et
1072 800 1175 866 quum

140 863 296 928 vidissent
326 863 423 926 etiam
449 880 533 925 nam
563 861 625 926 hac
655 862 783 926 vi‘esse
811 861 1013 952 praeditum,
1039 862 1177 950 ideoque

139 968 235 1034 saepe
255 948 334 1011 haec
347 945 512 1011 ‘vocabula
541 968 558 1010 u
582 945 722 1012 librariis
750 949 965 1028 commutari,
983 965 1103 1046 parum
1121 959 1177 1014 aut

138 1031 223 1102 nihil
239 1033 396 1096 iuteresse
406 1029 580 1112 dixerunt,
596 1039 712 1096 'utrum
754 1042 914 1097 oneretur.
934 1031 1029 1113 lid.
1046 1030 1176 1098 Ernest.

139 1115 181 1182 ad
198 1117 265 1182 Cic.
280 1116 321 1179 de
342 1115 415 1179 Nat.
433 1114 464 1178 d.
483 1121 513 1196 1,
531 1119 581 1194 12,
602 1120 656 1181 tto.
672 1051 796 1180 Duicr.
820 1116 861 1180 ad
878 1115 967 1182 Fleri
990 1113 1129 1181 Praelut.
1144 1121 1177 1182 2.

137 1199 393 1268 Drakenborch·
410 1198 450 1262 ed
465 1199 535 1264 Liv.
550 1202 581 1282 5,
595 1203 648 1283 51,
665 1205 696 1265 6.
718 1199 926 1266 Heindorfius
940 1212 1050 1266 autern
1066 1201 1100 1266 in
1116 1223 1179 1265 no-

137 1286 182 1348 tis
207 1285 247 1350 ad
271 1285 339 1349 Cic.
359 1284 470 1348 locum
495 1285 625 1373 scriptis
656 1285 701 1350 itu
733 1295 857 1352 censete
893 1307 977 1350 nam
1000 1287 1100 1376 poni,
1122 1285 1180 1351 ubi

111 1368 244 1450 illud,
275 1369 315 1432 ad
338 1369 427 1454 quod
449 1391 558 1433 sermo
589 1369 723 1444 transit,
744 1369 861 1436 obiter
883 1373 988 1458 magis
1009 1381 1043 1436 et
1061 1368 1181 1436 defun-

137 1455 245 1519 ctorie
257 1453 429 1518 'afl'craturs
454 1464 567 1518 contra
582 1455 656 1519 iam
671 1455 830 1520 lectorem
851 1457 991 1522 excitare
1011 1466 1047 1521 et
1069 1465 1179 1521 etten-

135 1549 210 1606 tum
231 1537 340 1604 facero
365 1537 472 1620 adid,
496 1539 583 1623 quod
605 1538 784 1611 subiicitur.
825 1539 864 1606 Ei
888 1543 1063 1608 assentitur
1083 1541 1180 1606 Beie-

139 1647 206 1690 rus.
249 1623 350 1688 Aliter
365 1633 471 1689 autern
486 1623 655 1690 Ellendtus
682 1623 722 1693 ad
740 1625 808 1691 cic.
826 1623 919 1691 Bruti
937 1630 991 1708 43,
1006 1625 1078 1694 159.
1099 1627 1179 1692 haec

137 1710 314 1800 praecipit:
347 1707 419 1772 iam
444 1711 612 1796 usurpari,
635 1709 682 1786 si,
708 1709 798 1796 quod
820 1703 966 1797 sequitur
984 1708 1055 1798 pari
1075 1709 1179 1778 ferme

138 1795 265 1868 ordine,
289 1804 325 1857 ut
342 1794 424 1857 iusta
439 1794 480 1857 ‘sit
496 1795 709 1874 enumeratio,
732 1812 807 1858 cum
823 1797 1085 1861 antecedentibus
1096 1818 1180 1862 con-

137 1881 311 1966 iungatur:
335 1899 418 1942 nam
440 1889 567 1956 autem,
592 1881 620 1943 si
644 1881 809 1943 sententia·
829 1881 863 1943 in
884 1893 1073 1946 transcursu
1098 1906 1179 1970 per-

126 1963 304 2030 ,functoria
328 1964 420 2048 quasi
446 1965 632 2047 annectitur
648 1964 877 2027 interseratur.
920 1967 1014 2045 Quae
1034 1989 1103 2032 non
1125 1991 1178 2032 aa·

137 2049 289 2114 tisfecere
304 2047 388 2112 mihi
403 2047 566 2112 ridentur.
609 2043 702 2113 Nam
716 2047 805 2110 enim
828 2058 899 2110 tum
921 2050 1056 2130 dicitur,
1078 2071 1180 2138 quum

81 2189 86 2197 .
139 2137 246 2200 oratio
259 2134 298 2199 ad
319 2134 442 2220 aliquid
469 2133 606 2212 transit,
629 2131 718 2218 quod
740 2132 961 2218 praesumitur
983 2133 1023 2197 ab
1045 2155 1102 2214 co,
1126 2139 1182 2220 qui

138 2221 238 2306 legit,
265 2220 433 2306 cognitum
451 2237 520 2283 asse
534 2217 589 2286 :vel
613 2217 764 2300 concedi,
786 2216 925 2304 ideoque
952 2241 1005 2282 sae
1030 2241 1047 2282 e
1070 2218 1182 2284 locum

139 2306 268 2372 obtinet
285 2307 318 2382 iu
336 2305 502 2382 sententiis
519 2302 666 2381 adiectis,
691 2324 773 2388 quae
789 2323 861 2372 ram
879 2303 982 2390 magis
998 2241 1181 2368 declarant:

140 2393 215 2457 iam
231 2383 338 2456 autern
348 2389 382 2454 in
391 2389 456 2456 hoc
464 2409 524 2454 usu
535 2388 822 2469 demonstrativam
831 2387 898 2452 vim
908 2409 1001 2475 etiarn
1009 2411 1078 2470 non
1087 2390 1185 2480 enuit,

139 2477 198 2542 sed
213 2485 377 2564 monstrat
392 2496 516 2540 novum
533 2485 565 2537 et
590 2473 753 2538 diuersum
779 2495 868 2537 novo
893 2473 1184 2564 quasiprogaesstt

140 2560 382 2650 occupandum.
424 2559 472 2624 Ita
486 2558 524 2622 fit
546 2558 581 2622 in
607 2557 701 2630 initio
723 2579 828 2622 novae
849 2559 955 2706 gattis
976 2559 1183 2625 narrationis.

140 2649 229 2712 Haec
246 2643 359 2710 eadem
377 2639 545 2714 observata
567 2637 637 2708 esse
665 2643 759 2708 video
785 2643 824 2706 ab
882 2638 1184 2740 udond01·pio‚qui
1279 2667 1282 2675 ¹

141 2734 182 2798 ad
202 2735 321 2804 Lucan.
340 2737 379 2808 2,
395 2729 467 2794 214.
494 2739 606 2816 poetas
632 2724 806 2816 aduolare
828 2750 951 2794 novum
975 2751 1107 2796 sensum
1130 2751 1183 2792 an-

142 2817 263 2884 ehoare
285 2837 344 2902 pcr
362 2815 453 2895 iam,
471 2813 663 2900 praesertim
687 2812 820 2900 quando
843 2812 895 2894 eit,
921 2835 1003 2900 quae
1019 2815 1184 2878 narraturi

142 2903 229 2984 sint,
259 2903 380 2966 interea
406 2899 599 2970 acciderint:
639 2895 672 2962 id
709 2899 793 2970 ,uod
830 2909 980 2962 naturam
1011 2895 1185 2986 particulae

143 2985 343 3068 nontangit.
386 2985 558 3048 Contraria
587 2982 698 3048 docuit
749 2984 886 3046 rucstius
910 2983 950 3046 ad
972 2981 1185 3066 Suetoniul.

143 3073 199 3136 tt.
218 3071 384 3156 inquiens:
407 3069 505 3134 servit
520 3079 551 3134 et
568 3068 639 3132 iam
660 3067 944 3142 transitioui,scd
966 3065 1036 3134 uon
1060 3066 1100 3134 ad
1122 3090 1185 3134 no·
1228 3067 1233 3084 ¹

142 3177 225 3229 vum
241 3178 342 3244 genus
357 3157 544 3248 reisquam
563 3174 655 3236 vere,
676 3155 748 3242 ipsa
764 3175 815 3216 ree
830 3162 1002 3216 monstrat.

247 3276 303 3330 Cic.
320 3275 352 3327 de
367 3275 429 3328 Nat.
449 3272 517 3337 (1.1,
537 3273 580 3337 12,
595 3271 637 3324 29.
656 3274 718 3340 qual
734 3289 788 3338 aer,
809 3290 857 3340 atta
874 3271 1187 3342 DiogenetApolloniatae
1258 3293 1262 3304 ·

127 3361 128 3366 ’
214 3362 299 3424 aditur
314 3361 377 3424 deo,
394 3375 469 3425 anon
484 3373 584 3414 scamna
606 3359 698 3410 labae
716 3365 798 3428 potest
821 3364 866 3410 ant
892 3373 970 3425 quana
984 3359 1103 3421 santam
1118 3349 1189 3408 ¹alei?

215 3447 272 3498 lam
290 3447 321 3514 alc
338 3440 455 3510 Platonis
470 3442 641 3513 inconstantia
657 3442 763 3512 longam
780 3449 815 3492 est
829 3441 920 3492 dicere.
955 3440 1002 3492 ubi
1020 3437 1188 3492 Goerenzius
1270 3433 1271 3441 ’

213 3515 397 3598 necessarium
413 3541 472 3589 esse
486 3528 564 3591 putat
581 3540 652 3592 nara.
687 3523 766 3590 Brut.
781 3521 824 3586 43,
841 3521 900 3575 158.
918 3533 1029 3593 paratas
1047 3524 1129 3592 igitar
1146 3537 1190 3572 oe-

212 3614 302 3680 niclat
321 3595 456 3674 (aiassae,v
472 3601 690 3684 eaepectubatar„
708 3609 878 3680 aatdicbatur,
899 3625 916 3658 a
934 3607 1063 3676 principio
1089 3605 1189 3668 atatim,

216 3698 285 3767 qnod
300 3693 359 3762 irat
371 3693 448 3762 ,apud
462 3705 636 3766 casanaenpar
655 3698 815 3755 accuratam,
835 3693 1021 3765 exspectatione
1035 3690 1132 3756 aiguas
1151 3689 1189 3740 oi-

210 3781 336 3834 delaturs
359 3795 411 3829 nen
432 3773 516 3827 molta
536 3774 641 3828 iactatio
667 3777 793 3844 carparis,
821 3792 874 3827 non
896 3774 1031 3828 inclinatio
1055 3772 1130 3824 nocis.
1156 3800 1190 3812 -

212 3867 329 3934 quadam
344 3860 450 3930 difficile
465 3865 523 3928 eat,
539 3859 607 3912 idean
620 3866 643 3910 ct
656 3865 810 3928 pactuatus
825 3865 848 3911 et
861 3857 998 3927 perbrevit-
1030 3854 1089 3908 Iam
1105 3857 1134 3908 in
1150 3857 1192 3909 al·

213 3947 335 4001 tercanalo
344 3943 439 3997 invonit
449 3961 541 4014 parent
555 3943 698 4016 nominante
714 3951 828 3995 uersatus
843 3947 881 3993 cst
898 3941 926 3992 in
944 3939 1014 3992 omni
1022 3944 1083 4008 scre
1097 3957 1193 4010 genere

156 4069 163 4078 -
214 4048 370 4084 enuawrnm.
406 4027 532 4080 Tibullus
544 4025 573 4091 t,
585 4026 614 4096 ¹1.
630 4027 750 4104 uirtutes
758 4023 892 4077 Messalae
906 4023 1063 4089 celebrans,
1081 4039 1191 4080 enarra-

188 4179 194 4191 ,
213 4114 250 4170 tia
264 4114 389 4173 laudibus
405 4111 563 4181 prudentiae
581 4117 609 4168 at
622 4105 776 4178 facundiae,
792 4108 884 4178 pergit
895 4107 930 4160 ad
945 4113 1018 4162 urtee
1033 4106 1108 4181 belli
1118 4105 1193 4162 ufld.

814 4193 893 4254 10*
923 4217 924 4222 ¹
