2846 4724
239 342 305 420 33'4
737 337 794 442 ln·
861 314 863 318 ’
901 389 904 396 ¹

325 458 379 570 56.
401 499 445 564 In
462 495 580 562 omnia
599 503 812 580 enprorsus,
835 492 886 559 vel
903 513 937 558 rn
953 494 1116 560 omnibus,
1127 490 1240 578 nebu,
1261 495 1298 560 in

240 589 339 671 ieter
353 583 544 652 Rncksicta
1164 593 1167 604 s

346 705 446 761 Vellei.
465 705 526 756 Pot.
542 699 577 766 2,
598 697 649 764 tt,
669 698 695 752 1.
721 699 822 752 homine
838 698 868 750 ia
885 700 973 753 omnia
986 702 1112 770 pecuniae
1136 719 1214 771 qaam
1235 709 1312 754 recte--

305 793 427 865 faciendi
449 788 589 858 cupidiore.
622 783 656 848 2,
677 783 722 836 13.
744 785 849 862 meliore
874 786 901 836 in
919 786 1007 838 omnin
1030 787 1137 854 ingenia
1162 788 1299 854 animoque
1370 815 1373 824 ·

313 895 392 947 qnam
403 877 518 940 fortuna
532 887 604 922 aens·
637 869 673 934 2,
695 868 756 934 111,
771 869 798 921 3.
821 869 877 922 vid.
895 868 990 922 Heins.
1014 870 1049 921 ad
1069 870 1104 937 2,
1123 869 1166 924 69.
1184 871 1299 941 Quintil.

214 963 216 970 '
312 963 357 1025 11,
372 960 398 1023 ὃ,
412 955 456 1010 25.
473 965 501 1008 nt
515 956 593 1008 sinat
615 956 645 1007 in
658 957 749 1008 omnia
763 972 896 1024 parentas.
933 955 1020 1010 Culex
1035 953 1095 1008 232.
1113 957 1252 1010 densentur
1270 958 1300 1010 s'n

315 1047 404 1122 annin
416 1057 523 1114 poenae.

327 1183 381 1248 57.
419 1179 699 1245 In'antecessnm
729 1173 833 1252 dare,
866 1172 1020 1260 accipere
1029 1222 1039 1256 ,
1079 1174 1224 1254 solvere,
1259 1173 1300 1239 de

243 1265 435 1354 argentariis
462 1262 599 1342 dicitur,
633 1271 670 1322 ut
697 1259 738 1324 sit
761 1259 836 1321 dare
861 1269 1091 1344 ontetempus
1115 1261 1301 1346 legitimum

160 1393 176 1432 ῃ
242 1357 295 1422 vel
320 1351 550 1418 constitutum.
603 1345 694 1409 Tum
723 1345 821 1408 etiam
848 1343 887 1406 de
913 1365 1119 1432 quocumque
1140 1369 1179 1423 re
1201 1369 1300 1435 prae-

244 1450 390 1528 sumpto.
435 1433 544 1498 Gloss.
564 1441 627 1495 vet.
644 1432 686 1504 εἰς
704 1431 872 1514 προχρείαν.

348 1557 445 1609 Senec.
459 1552 545 1619 Epist.
566 1551 600 1616 1,
615 1550 641 1602 8.
667 1567 698 1602 en
720 1550 811 1616 quibus
831 1567 913 1601 unam
935 1551 997 1602 tinec
1012 1551 1119 1619 epistota
1136 1551 1163 1602 in
1183 1551 1300 1604 debitara

313 1643 409 1702 solvet,
434 1641 485 1690 dno
509 1639 538 1688 in
560 1643 717 1710 antecessum
734 1635 827 1702 accipe.
862 1633 930 1697 118,
954 1635 978 1685 l.
1006 1637 1066 1688 bene
1080 1638 1149 1689 credi
1163 1638 1210 1690 titi
1230 1638 1301 1690 3050,-

313 1728 398 1794 itaqae
413 1725 443 1776 in
458 1731 617 1775 antecessum
633 1721 707 1773 dato.
741 1717 776 1770 «lo
793 1719 889 1772 Benef.
903 1716 930 1784 4,
944 1719 988 1785 32,
1002 1717 1030 1773 4.

302 1863 382 1924 58.
415 1857 580 1924 Adiectivo
602 1854 789 1944 obliquam,
821 1869 968 1938 rectam,
1008 1871 1239 1924 transversam
1268 1871 1301 1925 et

246 1967 330 2034 quoe
347 1955 424 2008 sunt
441 1945 502 2009 alin
527 1944 662 2006 nomino
692 1943 974 2028 praepositionem
996 1944 1034 2007 in
1056 1945 1238 2031 recipiunt,
1264 1957 1302 2010 ut

180 2095 185 2105 ,
244 2033 382 2110 directio
410 2041 442 2094 et
470 2029 580 2101 formo
607 2027 829 2114 significeturz
870 2030 960 2116 qaod
992 2031 1149 2094 Germani
1181 2032 1301 2096 eodem

247 2119 351 2184 modo
375 2117 580 2204 exprimunt.

346 2237 418 2293 Plin.
438 2236 510 2291 nias.
528 2256 555 2290 n.
570 2235 615 2301 31,
628 2235 655 2302 9,
670 2233 712 2288 53.
731 2237 792 2289 alba
806 2235 937 2304 nigraque
950 2235 1054 2286 macuta
1076 2234 1106 2287 in
1119 2241 1300 2289 transversam

220 2334 222 2343 '
313 2326 488 2393 distinguente¹
509 2324 668 2388 crystallum.
702 2319 753 2384 21,
777 2318 810 2384 9,
833 2316 877 2372 55.
905 2319 1005 2371 radices
1026 2321 1127 2388 utrique
1152 2321 1250 2390 longae
1271 2321 1302 2372 in

312 2412 451 2477 obliquam.
471 2407 514 2471 18,
529 2406 575 2469 22,
591 2403 633 2458 51.
649 2412 774 2474 quaterna
792 2405 944 2475 cubita'eius
960 2407 1007 2456 soii
1021 2407 1050 2455 in
1067 2407 1235 2472 quadratum.
1255 2405 1300 2470 19,

312 2493 338 2558 6,
352 2494 396 2547 31.
414 2511 471 2562 cepe
485 2499 508 2544 et
521 2493 612 2543 citium
626 2509 679 2542 nan
693 2492 744 2542 nisi
757 2491 786 2543 in
800 2498 899 2544 rectum
912 2489 1078 2543 radicentur.

277 2655 279 2662 ’
330 2631 383 2696 59.
415 2628 459 2693 In
487 2629 654 2694 incertam
685 2639 734 2692 est
762 2627 798 2692 in
821 2627 986 2693 incertum
1015 2635 1186 2703 eventum,
1221 2625 1301 2717 anfs

248 2713 465 2804 Vngewisse.
538 2778 540 2788 ,

344 2835 407 2888 Lis.
422 2832 466 2900 43,
482 2833 525 2896 12,
539 2831 566 2883 2.
579 2832 735 2900 prinsquam,
747 2834 776 2884 id
789 2849 846 2885 sore
862 2840 983 2897 cerneret,
1002 2834 1031 2885 in
1047 2833 1179 2897 insertam,
1189 2809 1222 2886 ne
1237 2834 1303 2903 qaid

313 2922 404 2991 gratia
421 2919 541 2972 momenti
552 2922 672 2985 faceret,
690 2919 718 2969 in
732 2924 878 2986 ntroinqnc
896 2919 1076 2987 provinciam,
1097 2920 1166 2986 qaod
1187 2936 1229 2971 ras
1255 2922 1303 2972 de-

299 3006 436 3058 ¹siderarst
450 3003 630 3074 supplementi,
646 3003 757 3055 decern.
786 3002 821 3052 ct.
837 3002 1111 3057 Graeanobscrvat
1126 3003 1152 3070 1,
1167 3001 1212 3056 25.
1231 3008 1302 3058 extr.

328 3141 369 3204 V.
393 3147 429 3204 «1.
455 3140 644 3224 'Temporis
682 3137 819 3202 nomino
851 3139 1035 3205 accusativo
1073 3161 1149 3204 casu
1188 3141 1303 3228 posita

243 3227 529 3314 praepositionem
547 3225 603 3303 in,
629 3245 692 3308 qua
710 3224 866 3290 introitus
885 3226 977 3311 quasi
993 3225 1205 3313 significatur,
1228 3250 1303 3291 non

244 3333 313 3375 uno
331 3313 434 3376 modo
453 3319 634 3376 assumunt.
676 3309 762 3372 Nam
787 3311 933 3396 primum
961 3311 1081 3390 dicitur
1103 3334 1302 3398 progressus

243 3397 472 3486 intempore,
504 3395 603 3460 veluti
625 3394 662 3458 in
686 3395 814 3477 lacem,
844 3396 882 3460 in
903 3409 1047 3462 noctem.
1102 3398 1204 3477 Quod
1225 3409 1303 3462 tan-

242 3493 316 3546 tum
336 3485 370 3547 in
396 3481 592 3570 quibusdam
617 3479 771 3545 formulis
793 3493 979 3568 usurpatur.
1024 3483 1115 3546 Tum
1141 3504 1219 3546 vero
1244 3484 1303 3547 in-

244 3568 422 3654 telligitur,
443 3589 542 3653 quom
561 3565 616 3630 diu
631 3589 682 3630 res
697 3568 739 3629 sit
755 3567 991 3654 perduratura,
1014 3568 1080 3632 sive
1098 3567 1188 3653 quod
1210 3577 1304 3632 tem-

243 3676 306 3742 pus
328 3678 379 3719 res
395 3655 437 3717 sit
453 3652 764 3740 expletura‚‚veluti
788 3652 825 3716 in
841 3651 957 3718 decem
979 3676 1108 3729 ,annon
1133 3652 1227 3739 quod
1251 3664 1305 3718 est

243 3741 451 3805 decennium.
496 3737 612 3828 Graeci
629 3739 661 3801 ἐν
676 3738 763 3801 πέντε
777 3734 911 3820 ἡμέραις.
957 3737 1022 3803 Sed
1037 3739 1143 3804 Lotini
1160 3740 1302 3826 prospi-

244 3827 336 3890 ciunt
360 3826 400 3889 ad
422 3823 586 3909 temporis
619 3824 799 3896 terminos,
842 3835 873 3886 et
903 3825 1039 3908 antiquo
1073 3823 1208 3911 quidem
1238 3846 1304 3888 usu

245 3934 377 4000 semper
408 3911 444 3976 in
477 3905 529 3974 his
558 3907 928 3973 1·otionemhobuerunt
951 3908 1056 3974 futuri
1089 3920 1121 3974 et
1147 3910 1303 3994 instantis

242 3996 415 4083 temporis.
460 3996 616 4077 Germani
632 3993 745 4076 dicunt
761 3994 829 4085 anf
838 3996 923 4059 zelen
943 3993 1066 4071 Jahre,
1092 3995 1177 4060 zelen
1193 3994 1304 4060 Jnlsre

243 4081 343 4168 long.
387 4081 595 4146 Recentiores
611 4079 790 4166 scriptores
805 4090 915 4147 autem
939 4091 972 4147 et
994 4092 1113 4171 poetae
1137 4080 1304 4170 simplici-

243 4177 294 4250 ter
309 4167 347 4233 in
363 4165 565 4254 usurpabant
574 4187 645 4252 pro
657 4185 732 4252 per.
1345 4183 1350 4195 ⁴
