2856 4720
333 303 348 396 s
450 305 607 442 “nra
649 372 776 442 uma
893 299 903 340 ⁵
1108 374 1174 446 aas

289 657 291 664 Ν
397 519 870 674 ratrammo.
1130 517 1132 524 ’

203 697 360 766 Dativum
381 697 437 764 illi
459 699 606 766 Romani
630 699 776 764 Graecos
797 695 964 762 imitantes
991 695 1032 761 ad
1064 698 1177 765 locum

122 781 362 870 designandum
389 783 627 866 adhibuerunt,
651 784 821 858 etadiecta
837 781 945 847 littera
966 782 1178 848 demonstra-

121 869 188 934 tiva
211 893 229 934 c
250 871 405 938 fecerunt
424 866 498 936 illic
521 870 724 937 adverbium.
769 868 915 950 Quidam
936 867 1040 933 hodic
1059 871 1178 959 appel·
1199 955 1200 958 Ἴ

120 953 193 1020 lant
209 976 321 1022 casum
338 956 528 1022 locativum.
572 957 609 1021 ln
629 956 772 1020 alittera
786 945 1044 1020 monstrativum
1059 979 1097 1020 oe
1111 957 1179 1023 iam

120 1051 247 1108 veteres
285 1054 522 1128 cognoverant.
586 1041 664 1106 Vid.
702 1041 881 1128 Pompeius
913 1041 949 1105 in
990 1035 1179 1110 Commenta

119 1149 157 1215 p.
174 1129 252 1192 841.
285 1128 361 1193 'Sed
384 1130 561 1214 scriptores
586 1151 656 1192 non
678 1125 801 1213 ubique
823 1126 878 1191 illi
900 1125 963 1215 pro
987 1125 1061 1194 illic
1083 1147 1181 1194 usur-

118 1223 265 1302 parunt,
289 1213 523 1279 consuetudini
543 1214 645 1300 magis
687 1234 763 1278 uam
787 1213 917 1302 regulae
942 1212 1182 1302 obtemperan-

119 1309 200 1363 tes.=
229 1299 317 1365 Nam
340 1302 637 1390 grammaticorum
663 1235 876 1365 doctrinale
904 1298 956 1363 bis
977 1299 1097 1365 formis
1120 1323 1182 1368 ex·

119 1385 287 1475 plicandis
303 1391 418 1454 manca
434 1385 536 1452 fuisse
550 1388 679 1452 videtur
695 1397 728 1450 et
743 1383 837 1450 falsa.
856 1384 972 1466 *Quod
994 1387 1181 1454 Priscianus
1259 1461 1260 1466 ἵ

29 1541 31 1550 ,γ
123 1495 160 1562 p.
179 1474 253 1538 948.
276 1471 377 1554 affert
394 1473 434 1536 de
450 1473 613 1540 vocabulo
629 1470 759 1548 illicce,
786 1470 1003 1559 desumptum
1019 1484 1090 1538 erat
1106 1474 1182 1541 vul·
1264 1523 1266 1528 ,

124 1559 197 1645 gari
218 1557 387 1636 sermoni,
409 1558 444 1624 in
462 1557 466 1562 “
495 1582 539 1626 uo
565 1558 684 1624 ultima
708 1557 835 1646 syllaba
857 1568 1033 1647 tantopere
1054 1559 1183 1627 solebat

125 1644 218 1728 acui,
238 1655 277 1708 ut
290 1667 378 1711 nova
393 1584 521 1733 syllaba
544 1669 581 1712 ce
603 1644 783 1710 exsisteret.
828 1643 875 1708 Ab
900 1667 940 1710 eo
966 1667 1047 1712 vero
1069 1668 1184 1734 gram-

124 1733 211 1796 tieus
234 1732 290 1798 ille
320 1731 445 1796 derivat
469 1732 560 1816 illic,
589 1729 683 1819 quod
715 1728 815 1828 maai
838 1753 997 1829 apocopa
1009 1729 1118 1820 saeta
1143 1756 1183 1800 aa

121 1813 321 1906 finewserret
336 1830 526 1884 accentum.
570 1817 878 1883 Pronuntiatronem
899 1839 990 1884 enim
1013 1817 1185 1904 vulgarem
1283 1877 1285 1886 ,

128 1903 295 1989 sequitur,
318 1926 384 1992 qua
413 1904 506 1970 bisce
532 1923 597 1992 pro
620 1901 826 1967 nominativo
855 1902 1125 1988 laicedicebant,
1139 1917 1184 1970 'et

39 2021 43 2032 ·
128 1989 249 2144 lllliit
269 2012 333 2142 pro
359 1989 468 2068 illice,
503 1999 639 2054 accentu
662 1988 810 2075 gravato.
859 1987 978 2052 Melius
999 1987 1086 2055 hanc
1109 2015 1184 2057 rem

128 2161 191 2228 sed
209 2161 298 2226 illud
314 2163 436 2247 (istuc)
477 2185 514 2229 er
531 2182 708 2249 apocopen
722 2157 888 2234 dicimur,
930 2158 1079 2225 Maiores
1094 2163 1187 2227 enim

129 2249 241 2318 nostri
249 2248 433 2336 plenarian
457 2246 560 2313 ebant
575 2246 816 2422 elopuutionea.
861 2240 919 2306 Sic
934 2255 966 2308 et
982 2244 1188 2334 iatao‘qnaoi
1229 2321 1232 2331 ¹
1273 2271 1275 2278 ·
1311 2253 1313 2260 ’

1 2391 3 2412 ,
95 2351 98 2362 '
131 2334 256 2414 istane,
276 2335 326 2401 sio
351 2346 383 2400 et
401 2334 476 2422 fao,
501 2335 601 2422 qaaasi
645 2353 717 2398 ace.
762 2329 815 2396 Cf.
841 2328 881 2393 de
907 2327 1036 2396 litterae
1060 2355 1079 2397 c
1099 2355 1187 2422 pro-

130 2421 340 2486 nuntiatione
371 2421 589 2486 Consentium
616 2420 657 2484 de
684 2402 847 2498 Barbarie.
876 2420 927 2483 18.
955 2440 990 2505 p.
1010 2423 1065 2482 21.
1123 2419 1188 2486 Alii

131 2518 241 2574 autem
256 2505 457 2581 docuerunt,
481 2506 619 2572 alteram
634 2503 779 2569 formam
795 2501 868 2581 illi,
890 2523 991 2587 quam
1007 2503 1114 2590 ipsam
1127 2505 1188 2588 ad·-

297 2075 448 2163 ompaius
478 2077 671 2144 Commeat·
701 2074 779 2138 artis
800 2073 889 2136 Don.
910 2077 1023 2151 27,6.
1048 2082 1090 2160 p.
1109 2079 1201 2143 341.·
1271 2101 1273 2106 ·
1318 2125 1322 2134 .
1386 2123 1388 2132 .

131 2593 284 2660 verbiurn
300 2594 486 2666 nominant,
504 2603 592 2657 recte
617 2589 780 2679 usurpari.
822 2587 974 2652 Donatus
992 2591 1032 2653 ad
1048 2589 1188 2659 Terent.
1291 2593 1325 2618 ⁰

131 2680 191 2744 Ad.
215 2685 244 2752 1,
263 2670 360 2756 2ζ86.
383 2703 401 2744 e
428 2677 519 2744 oilli
541 2677 732 2744 maximam
750 2685 890 2762 partem
902 2674 1038 2764 seram]
1066 2689 1188 2743 errant

153 2767 190 2830 ni
210 2775 336 2852 putent
355 2764 369 2829 i
376 2703 433 2829 lli·
454 2786 525 2830 esce
550 2785 762 2852 pronomen,
793 2760 965 2848 quamsit
989 2760 1189 2827 adverbium

132 2788 219 2928 loci,
241 2863 280 2914 nt
296 2848 425 2936 (Virgil.
444 2854 523 2914 Aen.
542 2857 573 2930 2,
590 2850 676 2934 548.)
705 2847 786 2914 illi
808 2868 902 2911 mea
932 2845 1187 2937 tristiafa-

133 2949 206 3004 cta
238 2935 587 3024 degeneremque
618 2931 954 3021 Neoptolemum
990 2956 1189 3001 narrare
1260 2949 1261 2956 ’

134 3035 360 3088 memento.
410 3020 491 3090 Illi
517 3043 601 3110 ergo
625 3018 691 3099 ibi,
718 3017 776 3083 nbi
798 3018 857 3082 ille
875 3029 1013 3104 peccat.
1069 3019 1189 3100 Quare

135 3107 279 3197 quidam
294 3110 401 3174 etiam
418 3107 452 3172 li
473 3107 645 3194 syllabam
670 3103 887 3172 discretionis
904 3125 1047 3186 carasca,
1070 3117 1110 3170 ut
1132 3107 1190 3170 lo-
1292 3140 1297 3145 ·

135 3217 212 3258 cam
226 3191 420 3282 significet,
440 3195 643 3282 corripiant.
664 3275 667 3282 ,
686 3191 779 3256 Idem
803 3189 843 3254 ad
865 3189 1041 3267 110012,
1061 3195 1113 3256 19.
1136 3191 1190 3258 le-
1270 3237 1273 3251 .

133 3282 234 3368 gitur
256 3279 405 3359 atilli,
426 3291 464 3344 ut
478 3279 526 3344 ait
540 3275 777 3366 circumflexus
793 3287 952 3361 accentaa
968 3287 1001 3340 et
1015 3273 1191 3365 significet

137 3366 260 3449 illic,
286 3377 324 3431 nt
351 3364 429 3429 illi
458 3387 550 3430 mea
578 3365 746 3430 tristia
773 3359 924 3450 facta.
975 3360 1025 3426 Et
1053 3361 1203 3427 absolun,

126 3463 211 3516 ‘tane
224 3463 286 3517 est.
331 3450 445 3530 Qualis
462 3451 542 3515 laceo
558 3451 600 3514 sit
620 3444 787 3523 doctrina,
810 3457 976 3512 monstret
997 3447 1191 3514 1001111711-
1260 3491 1264 3515 r
1285 3487 1286 3490 =

137 3539 226 3626 gilii,
260 3539 294 3603 in
318 3558 388 3626 quo
407 3557 509 3602 nemo
533 3535 695 3600 dubitabit
715 3533 771 3599 illi
801 3534 1012 3620 pronominis
1045 3533 1192 3600 dativum

138 3635 264 3712 putare.
308 3623 377 3687 Nec
394 3633 503 3710 potest
525 3616 654 3686 cerium
680 3629 932 3711 argumentum,
957 3641 1024 3705 quo
1047 3619 1103 3682 illi
1126 3641 1191 3707 pro
1233 3673 1236 3684 ,

138 3710 212 3778 illic
233 3708 360 3788 dictum
385 3709 642 3796 comprobetur,
664 3727 706 3771 ex
729 3705 874 3770 matricis
897 3704 1081 3770 rationibus
1112 3705 1192 3790 peti,

140 3791 299 3882 quoniam
317 3792 389 3860 illic
409 3818 427 3859 a
446 3795 582 3860 comicis
607 3793 704 3858 etiam
729 3789 855 3856 duabus
879 3791 1015 3880 syllabis
1038 3789 1192 3858 brevibus
1260 3823 1268 3876 s
1316 3782 1320 3795 ’

139 3881 386 4031 pronuntiatur.
435 3881 511 3945 Vid.
535 3879 653 3945 Ritter.
676 3877 717 3942 ad
753 3877 891 3945 Terent.
916 3875 1029 3940 Andre
1047 3881 1079 3948 4,
1103 3877 1136 3956 4,
1158 3881 1191 3944 3.

169 3978 182 4032 t
206 3959 840 4045 0011110110,10(11011010(1000001110
867 3961 981 4048 prodit
1011 3961 1191 4050 Pompeius
1218 4006 1223 4015 ,
1273 4030 1275 4035 .
1384 4013 1386 4018 s

141 4057 200 4128 27,
219 4058 250 4118 6.
273 4075 307 4138 p.
325 4053 399 4116 841.
451 4051 580 4132 Quibus
602 4048 703 4138 rebus
720 4047 912 4198 perpensis,
933 4046 978 4111 ita
996 4045 1126 4136 videtur
1151 4049 1192 4114 de
1240 4111 1243 4118 ,

50 4191 54 4200 .
141 4138 205 4202 hoc
222 4137 324 4204 verbo
345 4137 578 4202 iudicandum:
603 4137 757 4221 antiquos
809 4155 946 4198 omanos
970 4132 1044 4215 illi,
1067 4135 1124 4223 qui
1144 4145 1206 4220 est,

143 4215 758 4318 1101110011νο100011101010101111011,
781 4241 845 4310 pra
863 4217 1018 4312 adverbio
1034 4221 1193 4310 posuisse,
