2740 4712
534 299 675 367 uisu.
881 345 966 394 ,Ι
1060 268 1168 366 ess*

477 449 726 594 Manu

168 679 197 740 1.
221 670 402 759 Multiplex.
416 683 466 738 est
480 667 565 738 'usus
587 671 731 738 adverbii
753 683 867 752 naun,
889 671 1117 762 ulsxlmgru-

85 759 157 846 plris
181 759 290 822 nescio
306 780 347 820 an
373 779 441 823 non
468 761 544 822 satis
567 757 749 844 expositus.
801 756 1008 844 Amplissima
1029 761 1115 826 euim

82 849 174 912 notio
190 837 336 924 rsilnale
352 853 439 908 actes
456 843 687 931 complectitur
703 840 814 907 omnin
831 863 897 904 non
915 842 1011 920 bona,
1036 866 1116 930 pra·

81 949 137 1002 va,
157 928 292 1008 uitiosa,
311 927 482 1013 improba,
505 941 536 992 et
551 927 714 1014 imprimis
731 925 1001 1024 qualemcumque
1016 949 1116 992 eren-

55 1043 57 1054 ·
81 1023 150 1076 turn
169 1013 304 1077 melum.
348 1011 385 1074 ld
410 1035 506 1093 vero,
528 1013 616 1099 quod
633 1010 851 1096 intelligamus
874 1021 913 1074 et*
930 1011 1115 1076 distinctio·

79 1118 116 1161 re
140 1098 273 1161 nomine
298 1096 520 1181 designemus,
548 1098 741 1182 plerumque
767 1095 910 1160 ostendit
937 1092 1006 1181 ipsa
1037 1120 1114 1163 seu-

80 1181 179 1246 tentiu
196 1191 251 1245 aut
269 1181 423 1259 verbum,
446 1183 497 1245 eui
515 1182 621 1246 addita
641 1191 688 1244 est
709 1181 877 1267 particula.
920 1179 1005 1244 Nam
1024 1182 1115 1246 male

77 1266 217 1332 credam
234 1265 322 1354 apud
339 1266 488 1331 Plautum
505 1269 601 1331 Poen.
618 1267 650 1345 4,
665 1269 696 1339 2,
712 1267 763 1330 55.
786 1274 835 1328 est
858 1263 1022 1328 credendo
1047 1265 1114 1330 fal·

74 1350 148 1416 lare
171 1362 203 1416 et
224 1349 316 1415 male
338 1371 446 1416 emere
470 1351 557 1440 apud
580 1351 646 1416 Cic.
669 1349 710 1414 ud
730 1351 793 1414 Au.
817 1355 848 1428 2,
863 1351 895 1413 4.
920 1359 967 1414 est
992 1371 1112 1437 magno

73 1438 202 1523 pretio}
229 1434 320 1499 male
344 1437 485 1501 uendere
514 1439 546 1501 in
575 1437 666 1499 Verr.
691 1441 723 1507 3,
746 1438 798 1514 98,
822 1438 896 1498 227.
923 1455 1025 1520 parvo
1056 1447 1112 1501 eut

73 1521 169 1585 nullo
194 1519 311 1606 pretio.
363 1521 581 1610 Ambiguitate
606 1530 714 1584 nutem
742 1518 882 1603 quadam
908 1539 977 1582 non
1000 1531 1111 1584 carent

73 1627 132 1670 eae
155 1605 352 1681 sententiae,
373 1605 406 1668 in
434 1606 550 1692 quibus
575 1603 760 1668 adverbium
787 1603 880 1667 etad
905 1615 1055 1690 egentem
1079 1616 1112 1670 et
1185 1661 1196 1680 „
1262 1627 1265 1634 ¹

71 1693 206 1754 adrem
231 1688 390 1774 agendum
415 1689 532 1756 referri
560 1699 686 1774 potest,
708 1687 806 1752 veluti
827 1685 918 1752 mule
943 1689 1109 1776 cogitare,

35 1807 40 1814 ·
69 1773 165 1840 male
187 1795 356 1860 narrare.-
378 1775 418 1838 de
437 1797 503 1861 quo
521 1774 674 1838 Klotaius
690 1773 729 1836 ed
747 1773 813 1836 Cia.
829 1771 928 1837 Tunc.
949 1779 977 1848 1,
993 1777 1022 1851 6,
1042 1779 1090 1840 10.
1141 1810 1145 1824 ›

174 1893 215 1944 De
230 1892 321 1944 uerbis
335 1893 404 1945 male
418 1909 501 1946 emere
513 1891 577 1943 ride
588 1891 734 1946 Burmann.
756 1891 790 1944 ud
805 1892 912 1944 Petron.
923 1887 967 1942 45.
984 1892 1108 1946 wester-

48 1999 51 2008 ·
138 1976 202 2028 lior.
218 1983 246 2030 et
260 1975 402 2029 Ruhnken.
423 1976 457 2027 ud
476 1975 586 2029 Terent.
602 1976 671 2028 Eun.
686 1975 712 2040 4,
725 1974 752 2038 4,
766 1974 792 2027 2.
810 1975 917 2027 Patron.
935 1973 978 2029 so.
998 1994 1106 2029 comar-

137 2062 192 2112 reat
213 2061 247 2112 ad
268 2077 358 2114 aurem
381 2061 450 2112 mak
470 2059 629 2114 donnicatis.
651 2060 704 2111 lice
723 2059 893 2111 Burmannus
913 2057 1107 2128 interpretetur

137 2143 302 2196 armanum
335 2150 364 2197 at
390 2152 484 2210 postes
515 2151 643 2198 narretur
670 2142 806 2214 ephebum
830 2146 993 2211 numquam
1008 2143 1119 2200 altiore'

138 2245 232 2282 samue
246 2227 451 2280 obdormivisse.
485 2229 534 2280 Est
554 2227 640 2297 igitur
660 2225 846 2293 inopportune.
879 2225 922 2279 84.
940 2229 1007 2280 strala
1028 2247 1134 2299 repa-2

135 2311 235 2380 guanti
255 2313 382 2378 gaudium
406 2313 507 2365 extersi.
530 2311 557 2365 li.
573 2327 597 2364 e.
619 2327 671 2363 nou
694 2309 836 2362 exanimo
858 2310 1039 2380 repugnanti,
1058 2309 1131 2365 snt‘

121 2395 194 2448 eine
211 2393 321 2448 ellectu.
355 2396 410 2447 Sed
426 2414 449 2447 c.
463 2394 507 2448 12.
524 2412 633 2463 quaram
650 2393 752 2472 (rerum
775 2393 926 2461 renalium)
936 2397 1019 2462 fldem
1035 2396 1105 2448 mala
1180 2434 1182 2452 .

137 2479 310 2532 ambulantem
324 2481 461 2534 obscuritas
473 2479 595 2546 temporis
606 2479 737 2544 facillime
746 2485 854 2548 tegeret.
888 2477 948 2530 Non
958 2486 1023 2545 puto
1031 2479 1103 2531 haee

136 2565 277 2630 corrupto,
302 2563 348 2614 sed
371 2578 432 2616 curn
450 2563 605 2617 Burmsuue
620 2562 702 2616 fidem
722 2571 861 2629 raptarum
880 2577 973 2615 rernm
997 2549 1123 2616 claudi-¹

134 2653 240 2700 mntem
255 2645 388 2717 intelligo.

41 2829 47 2850 .
153 2803 186 2862 2.
210 2797 255 2861 Ea
271 2797 367 2862 verba
386 2807 414 2860 ct
433 2795 605 2880 ntieetira,
630 2821 712 2886 quae
731 2799 799 2887 ipss
821 2798 942 2864 malam
965 2801 1015 2864 vel
1041 2799 1108 2865 de«
1217 2803 1247 2818 ‘'

61 2880 223 2947 terionem
240 2880 348 2944 rerum
368 2881 587 2948 conditionem
604 2884 764 2956 iudicant.
785 2886 847 2948 sibi
869 2885 1015 2950 iunctum
1039 2884 1104 2949 lra-

62 2970 147 3032 bent
166 2963 274 3045 male,
303 2976 339 3028 ut
360 2965 453 3026 notio
477 2989 532 3029 suu
557 2970 606 3032 rel
628 2973 757 3052 gravior
779 2970 837 3032 fiat
862 2971 911 3033 vel
933 2981 1099 3058 augeatur.

62 3055 179 3134 Quare
195 3049 322 3115 videtur
340 3049 426 3114 idem
440 3047 504 3114 hoe
521 3051 674 3116 adverbio
695 3056 856 3138 exprimi,
876 3054 976 3139 quod,
997 3056 1100 3131 ornis·-

60 3123 185 3204 sarlhac
207 3135 284 3202 muli
309 3133 493 3214 notatione,
521 3135 637 3216 ualde,
666 3139 878 3202 veliementer
904 3139 1101 3224 significant.

7 3233 12 3255 ⁸
61 3222 224 3288 Germani
240 3220 336 3285 simili
358 3217 459 3282 modo
482 3242 576 3307 saepe
601 3220 713 3286 dicunt
730 3222 893 3288 schlimm.
935 3222 988 3290 Cf.
1010 3225 1098 3290 Lau-

56 3318 151 3376 rent.
167 3304 277 3371 anlae
293 3303 436 3390 Elegant.
455 3310 485 3385 2,
501 3307 554 3372 52.
668 3355 671 3360 .

179 3425 290 3478 Terent.
304 3425 372 3477 Eun.
386 3421 412 3489 4,
425 3421 451 3512 ⁷!
465 3422 491 3478 4.
512 3427 582 3478 mute
596 3427 711 3504 ualeam
731 3443 796 3479 eam.
831 3426 887 3479 Cic.
901 3428 979 3481 Brut.
992 3425 1035 3490 22.
1050 3425 1096 3479 88.

30 3547 34 3553 ·
134 3511 247 3564 addebat
261 3511 340 3564 etlam
357 3533 390 3548 ·-
404 3509 537 3586 scriptam
552 3510 609 3566 illos
622 3511 690 3563 reale
704 3511 828 3563 mulcator
840 3512 919 3564 eairsa
933 3529 990 3564 cum
1004 3511 1096 3565 Galla.

134 3595 242 3648 Terent.
258 3595 327 3648 Hes·
341 3591 367 3659 Β,
382 3591 408 3657 2,
423 3592 448 3645 2.
465 3594 535 3645 male
551 3602 649 3658 metue,
664 3612 695 3648 ne
710 3595 876 3647 Philumenae
889 3595 978 3664 magle
996 3595 1096 3646 suardus
1196 3632 1201 3639 .

133 3679 310 3748 adgravaret.
342 3674 431 3738 AM,
446 3675 471 3741 1,
485 3673 511 3728 7.
534 3678 598 3758 illud
619 3696 665 3732 ras
679 3680 753 3730 natta
775 3667 829 3730 sti'e
850 3694 944 3730 euersa
963 3677 1096 3730 uenae

131 3763 183 3816 udi.
216 3761 262 3815 unt
275 3763 319 3815 rd.
334 3761 477 3816 Ruhnken.
506 3759 564 3817 (lle.
579 3762 614 3815 ud
628 3764 681 3816 su.
696 3760 738 3826 14,
753 3763 778 3816 l.

176 3865 288 3922 Sueten.
301 3865 364 3918 Ner.
381 3862 423 3917 42.
439 3865 563 3933 collapsas
577 3866 707 3936 aureoque
722 3867 792 3920 nate‘
800 3872 890 3936 senate
905 3862 951 3916 dla
965 3862 1019 3942 slas
1036 3877 1094 3914 usae

56 4013 59 4020 r
131 3958 158 4004 at
167 3967 247 4020 prope
259 3950 434 4002 intermortuae
447 3947 537 4004 lacuit..

143 4091 175 4154 s.
196 4084 245 4152 ad
260 4093 389 4180 tempus
403 4087 435 4150 et
454 4037 734 4174 opportririi'tetem
759 4090 883 4173 spectat
903 4049 1012 4159 reale,
1037 4061 1108 4148 ubi
