2856 4722
279 355 483 426 insnum.
527 355 719 464 msiuvn.
762 355 958 423 insvrna.
1077 321 1148 426 'sae

93 537 158 606 pra
184 513 289 580 semel
304 513 454 578 videtur:
477 511 576 599 idque
600 509 679 589 libri
701 510 815 597 scripti
839 509 873 573 in
897 507 1048 597 plurimis
1067 512 1148 580 locis
1264 539 1266 554 ·

97 602 260 678 afferunt,
290 599 381 686 quod
404 609 515 662 tamen
540 597 644 663 eritiei
673 605 844 660 mutarunt
865 597 900 659 in
921 597 1070 662 insimul.
1114 599 1149 664 Si

82 709 174 754 svera
195 687 236 752 ad
254 686 401 750 animam
417 692 636 763 revocassent,
652 692 831 764 utrumque
847 681 1039 746 vocabulum
1052 686 1149 749 nnius

99 796 169 838 esse
195 771 329 860 originis
353 781 386 835 et
406 770 562 844 rationis,
591 790 658 833 non
684 767 888 832 dubitassent
911 765 950 832 de
980 789 1059 849 usu,
1090 770 1149 836 sed
1206 795 1207 800 ¹

94 859 159 924 sibi
185 858 441 948 persuasissent,
473 854 598 943 vulgari
622 875 778 918 sermone
809 852 869 917 has
895 851 1021 918 formas
1046 853 1149 922 fuisse

92 947 282 1036 promiscue
297 951 479 1029 usurpatas.
1046 941 1047 948 ’

134 1049 137 1062 ’
199 1064 284 1118 Caius
299 1061 328 1114 in
342 1060 407 1130 Dig.
422 1060 465 1126 18,
481 1059 508 1125 1,
522 1055 567 1123 85,
582 1057 607 1112 i.
624 1075 670 1110 nee
683 1057 790 1110 interest
804 1074 886 1111 anum
906 1061 1017 1127 pretium
1033 1063 1149 1116 amnium
1214 1051 1216 1056 ¹

162 1160 264 1206 eentum
287 1154 454 1202 metretarum
479 1144 584 1196 insemel
606 1144 703 1195 dietum
727 1143 761 1195 sit
777 1160 812 1194 an
834 1143 862 1194 in
882 1145 1072 1213 singularem.
1106 1146 1149 1200 lta

162 1218 221 1288 ead.
248 1234 356 1287 flarent.
378 1247 397 1283 a
417 1229 508 1297 prima
526 1245 626 1280 menn:
653 1225 772 1280 conexit
792 1227 848 1280 alia
870 1230 985 1282 insimul.
1016 1229 1053 1282 Et
1074 1238 1149 1284 recte

160 1320 327 1375 scriberetur
340 1316 454 1378 insemel,
472 1313 544 1380 qnod
561 1318 633 1365 esset
645 1327 698 1364 nno
713 1311 830 1364 nomine.
863 1303 1063 1367 FlorusPraet.
1078 1315 1104 1366 3.
1121 1318 1150 1368 ia

160 1405 229 1457 dreni
252 1403 328 1471 quasi
350 1399 447 1452 tabella
463 1405 545 1451 latam
568 1399 624 1449 etas
646 1397 788 1466 imaginem
808 1401 967 1467 amplmtar,
988 1402 1149 1454 nonnihilut

82 1537 83 1541 ,
159 1507 234 1560 spero
251 1489 288 1540 ad
302 1484 502 1538 admirationem
516 1482 644 1552 principis
657 1483 751 1550 papali
774 1484 931 1546 eallatrrrns,
950 1485 975 1536 si
989 1487 1093 1554 pariter
1107 1493 1148 1539 at-

164 1591 214 1644 que
230 1571 335 1624 insemel
348 1570 492 1620 nniversam
510 1567 727 1636 magnitudinem
744 1567 800 1619 eins
816 1568 957 1620 ostendero.
990 1567 1047 1620 Alii
1069 1569 1147 1622 codd.

161 1659 191 1711 in
210 1663 296 1710 semet.
330 1651 428 1706 critici
452 1652 578 1704 iecerunt
595 1651 715 1703 insimul:
742 1651 813 1719 qnod
834 1657 976 1718 praestare
999 1652 1070 1705 mihi
1093 1671 1147 1708 nan

158 1742 279 1794 videtur.
313 1737 438 1792 Reddam
453 1738 554 1789 eben'sa
568 1737 622 1787 und
635 1740 688 1802 aus
699 1737 812 1803 einmal,
829 1737 882 1788 liae
905 1744 955 1801 est,
970 1755 1025 1790 una
1041 1740 1145 1798 tabella

149 1824 320 1880 'nniversam
342 1819 559 1894 magnitudinem
581 1820 734 1872 ostendens.
767 1819 868 1884 2‚2a‚
888 1821 912 1873 1.
936 1822 1041 1875 relictae
1064 1825 1147 1894 regiis
1189 1861 1192 1868 »

121 1950 124 1955 -
162 1910 352 1966 hereditatibus
373 1923 433 1976 opes
453 1913 479 1958 et
497 1913 550 1958 tota
572 1906 675 1958 insemel
692 1923 775 1974 regna
797 1906 944 1960 ueniebant.
977 1906 1069 1960 Etiam
1090 1911 1146 1962 diae
1224 1943 1226 1950 ·

161 1997 223 2049 loeo
238 1993 336 2068 optimi
348 1991 457 2044 codices
469 1989 654 2042 consentiunt:
674 1988 721 2055 qui
735 1990 842 2041 insimul
850 1992 1008 2057 praebeant,
1020 1993 1144 2048 nomina.

161 2099 193 2134 re
214 2097 268 2134 nan
291 2095 411 2150 passum.
444 2075 516 2130 lllnd
542 2072 731 2143 comprobarit
755 2072 921 2142 Salmasius,
953 2077 1007 2132 hoa
1031 2075 1143 2135 Ouden-

161 2165 281 2236 dorpiul.
411 2171 413 2178 ’

449 2322 793 2419 INSIMVL

174 2517 309 2582 Novum
325 2513 391 2579 hoe
408 2511 604 2579 vocabulum
629 2512 665 2578 in
687 2533 784 2578 usum
809 2516 898 2580 venit
917 2537 997 2581 aevo
1021 2517 1144 2584 Domi-

88 2604 182 2670 tiani.
224 2604 307 2666 Ante
331 2601 479 2667 Statium
498 2601 553 2687 qui
576 2599 803 2749 usurssaverit,
825 2624 925 2666 nemo
951 2615 999 2668 est
1026 2607 1143 2692 cogni-

88 2703 156 2754 tus.
200 2686 368 2775 Significat
390 2686 503 2752 simul.
548 2686 630 2750 Vide

52 2807 59 2818 ·
90 2774 224 2842 Cellarii
241 2775 481 2862 Curasposter.
507 2794 539 2860 p.
559 2775 631 2870 146.
712 2798 714 2803 ’

204 2894 275 2949 sset.
289 2892 357 2950 sus.
371 2892 398 2959 1,
413 2892 440 2959 6,
458 2891 500 2945 35.
518 2894 604 2947 erlem
622 2909 675 2960 qua
697 2894 786 2947 melias·
804 2889 962 2965 seairiasqae
980 2904 1016 2950 est
1035 2903 1061 2951 et
1075 2915 1144 2968 gen-

159 2987 200 3034 tes
217 2975 268 3034 dlis
284 2979 387 3031 insimul
401 2985 517 3048 togatas.
551 2976 681 3030 Heinsius
704 2976 819 3030 eonieeit
834 2980 861 3030 in
878 2982 954 3034 sinae
972 2981 1037 3034 edit.
1060 2998 1143 3034 vene·

159 3071 206 3119 tae
222 3065 326 3116 habent
338 3063 449 3115 insemel
474 3061 514 3115 De
528 3061 596 3115 loeis
610 3061 689 3115 Fieri
701 3063 782 3116 inodo
797 3064 952 3118 dictumest
965 3064 994 3116 in
1008 3082 1143 3120 mannan.

159 3146 355 3202 Freinhemins
377 3145 407 3199 in
427 3147 485 3199 lad.
509 3146 584 3200 Flos.
602 3147 687 3200 ailant
711 3148 798 3212 haee:
824 3149 958 3205 Collectia
985 3151 1087 3204 chron.
1110 3169 1143 3206 ex

157 3233 318 3302 Auamma,
336 3231 384 3298 qni
399 3232 450 3284 sub
466 3231 621 3284 Alexandro
641 3233 743 3286 Severa
765 3231 834 3286 vixit
854 3235 880 3286 1.
898 3242 968 3287 extr.
984 3238 1054 3298 itant
1079 3238 1143 3290 insi-

158 3318 215 3372 mul
229 3317 294 3369 antri
310 3316 472 3369 GGGXLVI.
509 3318 595 3371 Gesta
608 3317 661 3371 Dei
675 3335 725 3385 per
745 3319 866 3372 Franaas
886 3336 911 3387 p.
926 3318 969 3385 68,
984 3319 1027 3373 25.
1045 3329 1075 3374 ut
1092 3340 1142 3374 au-

157 3401 326 3543 tAemssiasimal
340 3419 427 3458 amnes
442 3405 580 3474 conspuit.
615 3402 781 3459 adsensul.
795 3404 873 3459 Diae.
889 3403 937 3458 tib.
951 3402 994 3460 15.
1011 3405 1039 3459 in
1052 3411 1142 3459 morte

182 3485 214 3542 ts·
228 3502 271 3540 ae.

437 3637 792 3776 susiana„

173 3835 328 3905 levPER
352 3839 479 3906 factum
502 3849 551 3906 est
577 3861 616 3906 eo
638 3840 762 3924 modo,
788 3861 856 3930 quo
880 3838 1038 3907 Germani
1061 3835 1142 3904 siber

89 3923 272 3988 mutantia
290 3924 433 4007 arabes,
455 3925 545 4014 quod
562 3937 609 3992 est
625 3927 784 3992 dardber.
825 3928 912 3992 Nam
929 3925 1141 3990 demonstra-

86 4008 155 4075 tiva
173 4007 220 4075 vis
238 4010 376 4076 voculae
392 4012 429 4076 ia
439 4060 450 4093 ‚
471 4013 511 4077 de
528 4033 590 4097 qua
606 4034 639 4099 p.
655 4014 727 4077 244.
744 4013 908 4094 diximus,
931 4011 984 4077 hia
1008 4029 1141 4098 quoque

682 2685 807 2780 orricii.
840 2689 983 2778 Cogitat.
1007 2713 1043 2779 p.
1067 2697 1153 2758 200..
1277 2739 1281 2748 -

85 4103 236 4247 {pssgret
280 4097 345 4162 Sed
363 4109 493 4184 praeter
514 4097 599 4162 hane
621 4100 845 4167 intentionem
868 4098 954 4166 nihil
977 4095 1140 4190 particula
1227 4167 1229 4172 .
1276 4139 1279 4153 .
1331 4143 1332 4150 .
1399 4075 1407 4148 J

112 4203 130 4246 a

171 4191 186 4245 t
192 4228 204 4268 ‚
228 4203 296 4270 quo
312 4206 331 4250 a
349 4205 453 4274 super
470 4183 616 4252 differat.
