2846 4724
605 348 663 416 m.
715 411 718 426 ,
918 341 924 358 “
1027 409 1030 420 ,
1096 359 1158 422 sor

178 501 416 570 vm.1‚1r,4s.
434 503 526 558 aa...
539 505 619 560 ...n
649 500 751 570 1666.
771 467 920 574 mma..
935 505 1038 561 666...
1056 509 1168 600 ..unq

180 588 224 654 16,
241 588 284 643 34.
300 607 378 658 paam
393 615 428 628 -
444 588 589 657 Bosporum
613 591 777 660 confugisset.
813 589 925 645 Sallust.
940 589 1001 661 lug.
1016 589 1106 656 26,1.
1125 595 1163 647 le-

179 677 272 745 giones
291 667 344 744 per
360 673 465 726 ltaliam
477 674 613 744 Rhegium
634 684 711 744 atque
728 676 789 729 inde
806 675 927 728 Siciliam
944 701 976 716 -
994 663 1165 732 transvectus.
1234 707 1237 714 ·

179 759 237 814 cic.
246 777 272 828 p.
283 762 349 829 Leg.
364 759 440 811 Man.
455 756 498 824 12,
513 757 556 812 34.
576 761 637 814 inde
654 761 808 832 Sarrlim'qm
818 777 876 812 cam
891 761 970 812 classe
980 761 1054 814 uenit.
1083 763 1163 816 Caes.

180 843 215 897 B.
231 843 324 909 clud,
340 843 399 897 166.
425 845 566 897 amiectans
581 861 639 898 enm
655 847 807 915 Aegyptum
829 845 878 896 iter
894 843 1072 912 secernis.
1093 849 1164 902 nacls

179 919 307 1000 lgppten.
341 929 402 981 niv.
418 926 461 993 44,
478 929 521 996 16,
535 930 561 982 2.
579 931 707 1000 navigare
720 931 868 999 Aegyptum
880 929 979 998 pergil.
1013 928 1087 982 Mela
1101 931 1165 998 3,8.

179 1003 328 1084 Aegyptum
348 1015 490 1066 tendentes.
522 1005 577 1066 vid.
595 1012 767 1083 Oudendorp.
790 1014 826 1069 ad
849 1014 925 1067 Suet.
950 1013 1165 1069 ’1116667266-

180 1099 254 1152 diens
276 1115 339 1167 crgo
357 1115 464 1167 propere
490 1099 672 1166 Campaniam.
704 1098 793 1153 Multa
814 1098 890 1153 nivii
912 1101 1039 1168 exempla
1060 1101 1165 1154 notavit

180 1182 319 1235 Drakenb.
339 1180 374 1233 nd
392 1179 441 1246 33,
458 1180 785 1251 41,6.1uein.t,1,t.
804 1202 883 1253 patrm
900 1185 1056 1238 Emathiam
1077 1187 1164 1238 666ιί6-

180 1275 225 1320 set.
258 1265 331 1320 Bell.
352 1265 434 1334 Hisp.=
454 1264 497 1318 35.
523 1268 685 1320 Lusitaniam
706 1269 887 1337 proficiscitur.
931 1265 1032 1320 Lucan.
1048 1268 1080 1334 1,
1102 1267 1164 1322 681.

177 1351 264 1417 serior
276 1351 378 1419 Libyen.
409 1349 457 1402 ubi
474 1350 592 1404 Cottius.
622 1352 691 1405 Stat.
706 1343 808 1404 nonin.
823 1351 850 1417 2,
868 1351 929 1405 241.
946 1355 1058 1406 mittitur
1071 1357 1165 1407 Aemo·

181 1437 271 1499 niam,
290 1437 382 1504 magni
401 1437 445 1503 qni
461 1419 537 1488 Pelea
551 1437 626 1498 sacti
646 1437 760 1506 impleat.
801 1438 937 1506 Adeoque
954 1438 1068 1492 Tacitus
1091 1438 1163 1492 llist.

182 1518 215 1582 3,
230 1517 273 1571 86.
303 1520 420 1571 Vitellius
440 1520 616 1585 Auentinum,
640 1522 669 1573 in
692 1523 797 1574 domum
821 1525 908 1576 neoris
922 1511 1015 1575 sellirla
1036 1523 1162 1590 deser-tm.

179 1602 255 1656 curt.
271 1602 302 1668 3,
318 1601 350 1667 4,
369 1604 393 1656 1.
421 1605 519 1657 interea
539 1605 685 1658 Alemone
701 1612 733 1643 -'-
751 1605 895 1676 regionem,
911 1625 976 1676 puae
989 1609 1083 1660 Castra
1102 1609 1166 1677 Cyri

182 1689 342 1758 appellatur,
358 1696 522 1758 peruenerat.
557 1689 687 1756 Apuleius
701 1707 783 1758 saepe
795 1691 898 1743 nudum
914 1693 1101 1746 accusativum
1117 1710 1167 1760 po-

67 1794 72 1799 ·
181 1771 244 1824 snit.
278 1772 342 1824 vide
366 1773 539 1842 Oudendorp.
561 1774 595 1827 sd
615 1775 729 1828 Metam.
756 1793 783 1842 p.
801 1773 843 1828 24.
865 1782 893 1829 et
913 1775 957 1831 33.
981 1778 1106 1830 Curtium
1129 1777 1165 1830 ad

181 1855 282 1911 Lucan.
298 1856 324 1923 6,
341 1853 401 1910 672.
419 1857 445 1922 8,
461 1857 521 1911 161.
539 1856 600 1912 111.
620 1860 749 1928 Wagner.
764 1859 800 1911 ad
814 1860 951 1914 Ammine.
966 1860 1010 1928 lt,
1025 1862 1068 1927 13,
1084 1861 1128 1916 34.

200 2014 230 2076 2.
259 1999 469 2098 ingredimur
499 2008 532 2072 in
561 2008 705 2094 aliquam
736 2032 826 2091 rem,
856 2014 990 2098 quando
1020 2037 1082 2078 nos
1114 2013 1164 2078 vel

112 2097 286 2184 agentibus
303 2097 497 2173 inserimus,
521 2094 569 2158 vel
586 2095 707 2180 aliquid
732 2095 766 2158 in
788 2119 850 2162 nos
875 2100 1088 2188 suscipimus,
1112 2099 1165 2165 vel

113 2181 343 2272 conditionem
362 2182 506 2268 aliquam
522 2181 605 2245 vitae
620 2180 781 2246 subimus.

212 2311 303 2364 Plnut.
321 2310 381 2362 Mil.
398 2307 431 2375 4,
447 2307 479 2373 9,
495 2306 537 2362 16.
555 2328 621 2361 nunc
637 2310 666 2362 in
689 2309 829 2362 tumultum
852 2305 902 2362 iba.
925 2277 1018 2364 ¹Ouid.
1039 2311 1114 2366 Fam
1136 2309 1164 2380 6,

183 2395 227 2450 89.
256 2397 285 2449 in
310 2398 382 2448 litem
406 2395 495 2447 stadio
518 2395 666 2446 certaminis
687 2394 775 2446 issent.
818 2393 934 2462 Quintil.
958 2393 991 2460 6,
1008 2394 1041 2459 4,
1066 2396 1109 2448 13.
1134 2400 1164 2450 in

183 2483 271 2538 666666
285 2497 337 2532 non
352 2481 452 2531 ibimus.
486 2477 512 2543 2,
530 2477 572 2543 16,
589 2475 614 2530 5.
631 2485 662 2531 at
676 2505 711 2520 -
725 2481 864 2548 gaudeant
879 2481 990 2534 materia
1008 2489 1032 2532 et
1046 2483 1122 2550 quasi
1135 2483 1166 2536 in
1279 2483 1284 2494 '

181 2583 273 2634 corpus
295 2573 364 2617 eant.
398 2565 531 2616 Formula
557 2562 667 2616 comicis
688 2565 789 2616 usitata
812 2571 867 2619 ests
884 2567 922 2616 ire
940 2565 968 2616 in
989 2566 1086 2621 malam
1105 2584 1165 2618 cra-

183 2668 245 2704 cem.
279 2651 369 2702 Pla'at.
387 2648 465 2702 Tria.
486 2648 521 2714 1,
538 2647 571 2715 2,
587 2646 630 2702 64.
655 2657 686 2702 at
706 2651 734 2703 in
757 2649 876 2722 eamdem
897 2655 951 2703 tate
972 2651 1101 2704 accederes
1122 2651 1165 2702 in·

176 2736 305 2804 famiam.

163 2927 166 2950 1
200 2893 232 2952 8.
263 2885 370 2968 Verba
394 2886 511 2967 eundi,
540 2885 790 2973 proficiscendi,
817 2887 986 2967 veniendi,
1015 2887 1167 2954 mittendi

112 2971 398 3062 praepositionem
431 2973 469 3036 in
494 2972 686 3036 nominibus
711 2973 786 3035 addi
808 2972 923 3037 iubent
952 2972 1165 3060 appellativis,

115 3059 251 3147 quando
270 3081 337 3121 non
356 3058 549 3133 introilum,
572 3058 628 3122 sed
647 3079 810 3122 accessum
830 3058 869 3142 ad
887 3058 1029 3142 aliquem
1054 3058 1166 3123 locum

113 3145 168 3209 vel
185 3145 364 3209 terminum
388 3142 590 3230 significant,
615 3144 701 3230 quod
726 3143 802 3206 alius
821 3142 879 3207 ad.
923 3144 1037 3208 Graeci
1054 3144 1167 3208 dicunt
1242 3159 1244 3164 '

114 3232 185 3310 ἐπὶ,
211 3231 368 3294 Germani
394 3240 426 3294 et
449 3230 551 3293 hinzn
576 3238 609 3293 el
634 3230 672 3292 in
691 3239 722 3293 ct
745 3229 845 3292 neele.
890 3227 942 3292 cf.
967 3227 1110 3294 Graflius
1130 3231 1166 3294 in

113 3317 202 3382 libro
219 3315 258 3380 de
274 3317 428 3402 Praepos.
447 3336 551 3401 germ.
572 3337 607 3401 p.
625 3319 678 3380 29.
724 3313 803 3394 Quo
820 3314 924 3379 modo
941 3313 1037 3379 ctiam
1053 3317 1166 3379 nomi-

114 3425 165 3472 na
182 3413 348 3467 terrarum
369 3402 523 3500 usurpari
546 3411 693 3478 constat,
718 3422 919 3486 quamquam
941 3400 975 3464 in
995 3399 1045 3464 his
1069 3423 1166 3486 saepe

116 3488 283 3553 omittitur
309 3488 530 3574 praepositio,
566 3497 604 3549 ut
636 3485 700 3550 iam
735 3485 889 3550 diximus.
946 3486 1166 3550 Commulalis

12 3611 13 3614 ¹
113 3573 294 3652 vocabulis,
310 3575 352 3648 εἰς
366 3569 686 3661 et-iapraefiguntur
699 3571 890 3634 nominibus
906 3573 1064 3656 gentium,
1096 3568 1166 3636 Ι666
1209 3602 1215 3608 ·

111 3661 304 3724 ‘communis
329 3660 368 3722 ad
395 3671 498 3722 terras
523 3655 916 3748 designandus'adhibuit
948 3678 1036 3721 usus.
1082 3595 1165 3722 iton

116 3745 288 3810 dicebatur
312 3745 350 3808 in
375 3744 526 3810 Graecos
550 3740 732 3830 proficisci,
762 3742 820 3807 sed
851 3743 888 3807 ia
920 3741 1057 3824 Persas.
1101 3743 1165 3807 vid.

116 3831 230 3897 Brem.
254 3831 294 3895 ad
311 3830 443 3896 (lornei.
461 3830 573 3915 Pelop.
598 3831 638 3906 4,
663 3834 693 3892 8.
713 3827 901 3891 Heumanni
923 3826 1051 3898 Poecile
1075 3825 1118 3890 T.
1132 3833 1165 3892 2.

115 3939 152 4004 p.
178 3922 228 3980 12.
271 3916 384 3980 Dein
411 3937 474 4002 pro
508 3915 558 3978 ad
587 3915 696 3998 posito
733 3912 797 3977 vid.
823 3913 1000 3977 Diomedes
1031 3935 1067 3998 p.
1081 3913 1167 3980 409.

116 4003 249 4066 Curtius
274 4001 314 4064 ad
337 4003 521 4079 1666666,
540 4001 616 4064 572.
639 3997 775 4064 lacobus
801 4021 820 4062 6
844 3999 949 4062 Cruce
973 3997 1006 4060 in
1032 3997 1165 4063 Gruleri

116 4087 233 4178 Lamp.
259 4085 301 4151 T.
326 4095 350 4150 t.
373 4111 407 4174 p.
432 4088 505 4151 685.
528 4106 649 4170 negare
668 4084 797 4150 videtur
817 4083 901 4148 hanc
928 4085 1164 4147 commutatio-

113 4193 203 4238 nem.
247 4172 315 4236 Sed
328 4171 536 4238 Burmannus
551 4171 592 4237 ad
610 4170 724 4260 virgil.
741 4173 819 4237 Aen.
835 4175 873 4249 6,
889 4174 965 4235 720.
986 4179 1019 4234 et
1039 4169 1080 4234 ad
1097 4169 1164 4235 Lu-
