2846 4724
261 324 353 414 sat.
476 329 480 334 ’
602 399 605 406 .
757 339 814 408 tu.

345 499 399 562 39.
421 495 506 560 llinc
529 496 563 560 in
587 514 686 558 usum
710 503 870 568 venerunt
893 494 1052 562 dictiones
1073 497 1197 564 similes
1223 493 1345 580 etiarns
1414 507 1415 514 ’

263 581 318 645 hie'
336 603 354 646 a
371 581 468 646 nobis
483 581 650 646 notandae
670 581 709 643 in
717 579 931 670 formulam,
955 583 993 647 in
997 583 1175 674 sormam,
1188 585 1236 659 xin
1251 585 1320 675 fa-

174 670 178 681 “
263 668 368 750 ciem,
390 669 428 734 in
442 665 608 752 speciem,
632 663 860 750 intacitum,
881 667 920 732 in
942 669 1151 757 exemplam,
1174 673 1212 738 in
1234 672 1320 740 haec

266 751 385 835 cerba,
405 754 444 819 in
459 753 563 840 leges.

341 954 347 963 ,
370 905 428 961 cte.
449 925 475 974 p.
496 909 579 961 Rosa.
602 905 726 972 Comi,
743 905 786 960 15.
808 876 916 978 perinde
941 925 973 962 ac
993 908 1017 962 ri
1039 909 1068 962 in
1093 911 1162 966 hanc
1173 914 1322 979 formulam

329 993 424 1048 omnia
444 993 542 1045 iudicia
559 994 677 1063 legitima
695 1020 729 1032 -·
746 993 807 1045 sint.
1038 994 1042 1000 '
1170 1057 1173 1070 .

298 1143 302 1156 ,
359 1091 548 1148 'Tocilmlnm
563 1094 613 1160 15,
630 1093 673 1150 24.
698 1097 786 1167 legati
803 1123 837 1134 —
856 1095 956 1149 litteras
975 1094 1004 1148 in
1013 1099 1130 1151 eamdem
1146 1103 1262 1166 farmani
1278 1108 1322 1154 at·
1414 1117 1415 1120 ’

334 1182 423 1236 tulere.
457 1176 500 1245 13,
515 1180 540 1233 1.
555 1198 655 1250 magna
668 1181 709 1233 cir
727 1181 838 1233 auri-
858 1196 910 1234 non
931 1179 958 1232 in
973 1183 1091 1263 sormam
1113 1185 1254 1251 pecuniae,
1276 1186 1321 1238 scd
1414 1215 1415 1220 =

336 1266 399 1319 mat
410 1273 436 1319 et
451 1265 557 1334 antiquo
571 1266 694 1333 pondere.
1414 1257 1415 1268 ¹

367 1367 479 1421 Sueten.
496 1366 561 1420 Cels
570 1364 613 1420 19.
632 1383 734 1437 aggere
756 1394 790 1405 -
808 1365 903 1418 directe
920 1365 947 1418 iri
964 1366 1060 1437 appiae
1079 1367 1139 1432 piae
1150 1373 1281 1437 sormam.

370 1469 401 1522 ln
414 1470 523 1540 speciem
537 1485 588 1537 pro
602 1469 631 1520 in
640 1472 759 1535 sormam
780 1467 948 1522 recentiores
965 1468 1099 1524 dixerunt.
1133 1469 1279 1525 Columell.
1295 1469 1323 1538 9,

243 1617 246 1623 ¹
281 1543 284 1548 ⁸
336 1551 364 1620 9,
380 1553 407 1608 i.
426 1555 642 1617 animadvertito,
663 1571 697 1605 ao
712 1561 795 1606 totum
810 1570 917 1606 momen
931 1555 959 1606 in
974 1556 1082 1622 speciem
1097 1555 1174 1607 unius
1191 1573 1256 1608 uvae
1275 1559 1323 1611 de-

335 1641 457 1710 pendeat.
491 1639 615 1703 scribon.
629 1636 689 1691 199.
710 1639 834 1707 buprestis
854 1666 888 1676 -
905 1640 983 1706 inflat
998 1647 1082 1692 totum
1102 1657 1196 1708 carpus
1218 1641 1247 1691 in
1260 1659 1324 1711 spe·
1414 1651 1415 1656 ’

336 1723 408 1775 ciem>
415 1724 556 1795 hydropici.
590 1725 703 1777 Veteres
720 1727 768 1776 out
790 1722 983 1777 intellexerunt
998 1722 1117 1791 speciem
1135 1723 1276 1778 externam
1296 1733 1326 1779 et

337 1807 453 1860 falsam
473 1809 544 1878 quod
558 1811 652 1861 notum
670 1813 719 1862 est.
755 1807 952 1873 claussen,
970 1807 1014 1873 33,
1028 1806 1071 1860 86.
1090 1810 1231 1877 praeclara
1255 1813 1325 1864 clas-

338 1895 375 1946 sir
389 1893 548 1964 inspeciem.
580 1871 641 1948 lcii.
660 1893 693 1958 3,
710 1891 741 1958 9,
758 1892 811 1944 la<
826 1893 961 1961 dilataque
986 1895 1014 1944 in
1034 1895 1142 1962 speciem
1162 1895 1278 1960 actione,
1296 1915 1325 1950 re

339 1979 398 2048 ipsa
412 1980 525 2040 saltata.
561 1978 617 2032 vid.
632 1978 772 2042 Drakenh.
787 1978 821 2030 ad
836 1975 868 2043 3,
885 1976 935 2042 49,
951 1976 977 2030 i.
997 1979 1073 2030 etad
1090 1974 1125 2041 4,
1140 1977 1191 2042 42,
1206 1976 1232 2032 4.
1268 1981 1324 2034 Aut

339 2063 374 2116 de
395 2062 580 2132 pulcritudine
594 2063 744 2130 specioso:
766 2063 895 2128 Propert.
915 2061 942 2128 2,
956 2062 991 2116 31
1007 2063 1086 2132 (23),
1101 2062 1128 2114 3.
1147 2070 1203 2117 tata
1219 2072 1274 2118 erat
1296 2067 1325 2117 in

338 2151 445 2219 speciem
462 2148 551 2216 poenis
568 2148 674 2218 digesta
689 2147 823 2199 calumnis.

374 2249 464 2305 Tacit.
482 2247 610 2322 Ηίε1.5,
625 2249 669 2303 23.
695 2251 779 2302 amnis
801 2253 943 2318 palustrem
965 2250 1138 2320 humilemque
1157 2251 1271 2302 insulam
1293 2249 1324 2304 in

332 2337 433 2403 faciem
446 2336 539 2404 stagni
555 2336 679 2404 opplevit.
715 2333 813 2404 virgil.
829 2335 880 2386 Ge.
897 2333 923 2398 4,
939 2333 983 2387 82.
1003 2337 1075 2388 leand
1090 2353 1170 2388 unam
1186 2337 1325 2404 infaciem

337 2429 478 2473 nascuntur
490 2420 582 2471 oliam.
607 2419 655 2471 ubi
671 2419 770 2471 Cerdo.
796 2418 855 2471 Vid.
867 2419 1040 2487 Oudendorp.
1056 2419 1323 2488 stipulatores&

338 2522 365 2573 p.
380 2503 440 2558 233.
470 2504 513 2556 lbi
527 2504 660 2572 Apuleius
682 2521 731 2558 ruo
749 2521 825 2558 inore
838 2505 974 2557 barbaro:
1000 2505 1028 2556 in
1049 2505 1115 2557 asini
1130 2506 1234 2572 faciem
1242 2510 1325 2574 frena

336 2591 469 2643 rodebam.

373 2690 486 2744 Sueten.
499 2690 570 2760 Aug.
585 2688 629 2743 45.
653 2691 696 2743 cui
711 2691 740 2743 in
760 2691 885 2760 puerilem
903 2691 1024 2745 nclitum
1044 2692 1244 2746 circumtonsam
1265 2713 1325 2748 ma-

337 2781 441 2828 tronam
459 2776 619 2827 ministrasse
634 2783 800 2844 compererat.

312 2880 330 2952 '¹
374 2876 485 2929 Sueten.
502 2876 654 2933 clauum
669 2857 834 2950 superposuit
851 2878 1005 2932 altissimam
1019 2881 1112 2932 turrim
1134 2877 1325 2948 inexemplum

337 2961 500 3014 alexandrini
510 2964 601 3032 pltari.
1414 2949 1415 2976 ¹

373 3062 429 3117 Cic.
445 3082 471 3131 p.
489 3065 582 3133 Quint.
595 3065 638 3131 29,
652 3066 696 3119 33.
718 3065 844 3119 indicium
865 3065 928 3133 quin
946 3067 1072 3135 acciperet
1092 3065 1121 3116 in
1138 3081 1169 3117 ea
1185 3064 1246 3133 ipsc
1267 3081 1325 3116 oer-
1414 3101 1415 3104 ¹

297 3167 298 3178 ¹
338 3149 387 3213 irc,
404 3167 469 3217 quae
484 3151 597 3204 Naevius
611 3155 715 3217 edebat,
739 3169 792 3202 non
813 3168 949 3204 recusasse.
985 3151 1045 3204 Liv.
1059 3149 1109 3214 39,
1124 3146 1176 3213 43,
1195 3146 1221 3200 9.
1245 3166 1324 3200 sena·
1414 3147 1415 3214 ,

338 3236 524 3288 tuscansultnm
539 3239 565 3290 in
581 3239 644 3290 naec
659 3239 738 3289 cesla
746 3241 852 3305 sactum
874 3243 921 3294 est.
953 3235 996 3300 38,
1012 3234 1056 3301 38,
1072 3236 1097 3289 1.
1126 3236 1164 3286 ili
1184 3252 1214 3287 er
1236 3235 1324 3286 decem
1414 3231 1415 3240 ’

338 3319 488 3388 legatarum
511 3325 637 3375 sententia
660 3324 756 3391 faedus
778 3321 806 3372 in
829 3323 893 3374 daec
921 3325 1000 3375 veria
1022 3328 1083 3391 sere
1113 3337 1172 3371 cum
1194 3317 1324 3371 Antioclro

337 3405 508 3475 conscriptum
523 3415 568 3460 est.
601 3405 644 3472 31,
659 3407 685 3474 9,
699 3406 725 3461 9.
743 3408 812 3460 uouit
828 3409 855 3458 in
871 3408 960 3460 cadem
974 3409 1052 3459 cerda
1065 3404 1160 3458 consul.
1184 3459 1189 3466 ¹

367 3505 459 3560 Plaut.
472 3493 518 3562 ds·
533 3510 568 3574 1,
584 3508 618 3575 3,
635 3510 678 3576 81.
703 3512 731 3563 in
746 3511 818 3580 leges
840 3526 910 3562 meas
927 3509 1004 3562 dala.
1038 3501 1150 3572 Terent.
1174 3507 1277 3558 Hecut.
1293 3504 1323 3572 5,

333 3587 369 3653 2,
381 3587 425 3642 45.
446 3598 502 3644 tam
519 3595 652 3658 facillime
671 3597 755 3664 patris
778 3611 869 3662 pacem
884 3594 912 3644 io
935 3594 1007 3663 leges
1028 3593 1142 3660 conficiet
1157 3607 1227 3644 suas.
1260 3588 1322 3643 niv.

329 3671 626 3745 33,39,1.ραεάαια
645 3667 810 3751 Philippeia
829 3682 879 3742 lias
895 3679 965 3748 leges
981 3685 1025 3730 ert.
1058 3675 1101 3742 23,
1114 3674 1158 3740 34,
1174 3674 1203 3728 1.
1225 3676 1255 3727 in
1271 3675 1322 3726 liar
1414 3741 1415 3750 ἱ

328 3751 416 3825 ferme
433 3761 505 3830 leger
523 3785 558 3802 —
575 3763 655 3816 ictum
668 3767 774 3831 scedas.
808 3763 853 3829 42,
876 3762 929 3828 32,
946 3760 972 3816 5.
993 3764 1104 3818 mitteret
1123 3762 1160 3814 ad
1182 3760 1322 3822 montium,
1414 3775 1415 3780 ¹

225 3887 227 3899 .
331 3843 479 3910 quiscedus
496 3847 526 3897 in
540 3848 643 3900 casdem
661 3848 732 3918 leges
747 3856 907 3904 renouarent.

345 3993 398 4060 40.
422 3994 487 4061 Sed
502 3997 622 4064 modus
638 4000 755 4087 agendi
773 3967 870 4066 etiam
888 4001 922 4064 in
940 3965 1079 4087 seponi
1102 4006 1229 4084 potest,
1253 4018 1319 4082 quo

262 4095 360 4160 agens
381 4083 504 4163 tendit,
529 4095 585 4148 aut
609 4087 698 4172 quod
726 4089 856 4175 actione
878 4085 1035 4150 efficitur.
1079 4085 1191 4165 Quare
1215 4083 1319 4146 inita

258 4175 452 4255 uctirpntur,
486 4178 524 4234 ut
550 4171 771 4258 significetur,
807 4173 1059 4260 quomodo'res
1088 4169 1256 4252 formetur
1288 4177 1319 4233 et
