2846 4724
263 360 330 425 aar
768 348 823 417 nr.

200 521 203 528 ’
258 473 261 480 .
306 533 308 536 ·
333 507 353 562 i.
371 523 396 558 o.
414 509 446 558 nt
459 504 684 574 obsequerentur.
720 501 1003 558 tuoaotortotutone
1021 499 1135 555 Sallust.
1157 503 1231 572 apud
1252 503 1321 557 nru-

329 592 438 646 eionnm
453 591 574 644 Moesum
592 607 620 659 p.
633 586 695 644 24⁰.
715 592 828 642 omnium
838 590 956 660 partiam
972 590 1049 646 moue
1061 588 1091 642 in
1105 589 1248 643 mercedem
1264 605 1321 640 ocr-

333 684 441 748 ruptam
457 683 524 731 erat.
544 674 562 728 i.
577 693 602 731 e.
616 681 649 730 nt
662 678 735 728 esset
749 689 865 728 mercer.

347 835 401 896 33.
422 827 579 894 Eiusdem
595 829 730 893 rationis
756 839 833 894 sunt
857 827 972 905 verba,
994 847 1078 916 quae
1103 797 1322 890 mutationem

245 911 418 980 'indicant
462 915 594 978 Exeunt
611 917 700 979 enim
719 916 822 980 resin
841 913 939 979 aliam
957 913 1122 994 formam,
1141 920 1198 975 aut
1211 919 1322 975 nans·
1414 955 1415 964 .

263 999 418 1067 feruntur
433 999 469 1065 in
485 1001 583 1065 aliam
600 1002 837 1066 conditionem.

328 1113 332 1121 ’
368 1121 426 1174 cie.
442 1119 476 1172 ale
492 1123 561 1174 Fato
575 1097 602 1185 9,
618 1119 662 1172 lt.
682 1137 729 1174 nee
747 1121 837 1190 magio
851 1116 1006 1171 commutari
1025 1134 1054 1169 er
1068 1116 1136 1168 cerie
1157 1115 1186 1167 in
1197 1115 1275 1181 falsa
1290 1131 1321 1167 ea

333 1225 423 1279 porse,
453 1223 521 1275 quae
537 1210 633 1273 sutura
657 1213 731 1270 eunt,
760 1222 837 1273 quam
861 1221 909 1267 ea,
934 1219 999 1272 prae
1015 1206 1096 1269 facta
1116 1207 1187 1253 runt.
1220 1199 1253 1265 9,
1277 1197 1320 1252 18.
1414 1213 1415 1254 3

258 1293 261 1300 ⁴
330 1292 480 1360 neomagis
495 1291 653 1343 immutabile
672 1284 773 1343 macra
788 1283 942 1358 infalrum.
976 1286 1053 1339 Curt.
1071 1283 1099 1352 3,
1116 1285 1143 1350 8,
1156 1285 1201 1338 20.
1224 1286 1255 1336 in
1269 1284 1320 1337 eol·
1414 1281 1415 1308 ³

306 1373 492 1429 »licilailinem
509 1392 585 1428 veroa
596 1375 702 1451 fiducia
716 1383 763 1428 ert.
818 1431 821 1445 .
1414 1365 1415 1372 ¹

266 1481 268 1484 ’
366 1479 409 1532 De
426 1477 519 1531 verbis
536 1479 566 1530 ln
578 1473 671 1530 melino
684 1484 785 1530 mutare
798 1477 948 1530 Burmann.
965 1475 1000 1528 nd
1015 1475 1116 1526 Lucan.
1129 1469 1157 1539 t,
1174 1470 1219 1525 to.

348 1629 401 1694 34.
424 1629 587 1696 Eventum
603 1628 787 1717 significant
802 1630 902 1694 etiam
921 1627 1088 1693 exardere
1111 1626 1149 1690 in
1175 1625 1321 1713 aliquid,

265 1714 452 1780 accendere
466 1716 503 1779 in
518 1715 622 1790 iram.

367 1833 467 1904 virgil.
481 1834 548 1888 Aen.
562 1833 595 1902 l,
611 1833 672 1888 445.
691 1835 786 1888 exarsit
804 1835 831 1886 in
847 1835 909 1887 irus.
944 1829 1024 1887 Auel.
1039 1834 1106 1887 Pon.
1122 1834 1262 1886 Constant.
1279 1831 1323 1884 18.

332 1920 360 1972 in
382 1921 489 1990 gaudia.
506 1927 529 1973 et
549 1920 691 1972 uindictam
706 1921 822 1988 papulae
839 1936 961 1980 romanon
986 1920 1093 1970 erarsit.
1128 1915 1242 1970 Orosius
1255 1915 1281 1982 6,
1296 1914 1323 1968 5.

331 2005 472 2058 inscelere
490 2007 593 2058 ecursit.
625 2004 778 2073 Hegesipp.
794 2004 820 2068 3,
839 2005 864 2057 9.
884 2005 1054 2073 irruptiones,
1072 2021 1137 2070 quas
1152 2005 1180 2055 in
1194 2004 1263 2056 iram
1278 2020 1323 2054 cc-

317 2077 454 2142 ¹cerulebct
467 2091 564 2158 pudor.
599 2090 679 2141 Haeo
695 2089 806 2141 Curtius
822 2088 857 2141 ad
871 2087 974 2140 Lucan.
991 2085 1019 2152 3,
1036 2087 1096 2140 133.

346 2223 401 2307 35.
431 2242 553 2305 Poetae
574 2264 636 2328 per
659 2241 943 2328 praepositionem
969 2239 1136 2318 indicant,
1169 2240 1248 2324 quid
1280 2261 1321 2304 ex

263 2327 397 2412 agendis
411 2325 516 2392 'rebus
541 2329 733 2414 proveniat,
760 2349 897 2412 quemve
922 2325 1047 2406 exitum
1072 2324 1324 2410 habeat‘nego-

262 2418 366 2477 tium:
391 2413 483 2498 quod
504 2421 617 2478 tamen
634 2428 729 2502 saepe
747 2425 779 2478 et
796 2413 837 2477 ad
860 2411 963 2476 finem
988 2423 1022 2478 et
1045 2412 1244 2477 admodum
1266 2435 1323 2477 re·

262 2497 344 2565 ferri
359 2509 484 2585 potest.
1267 2523 1269 2528 ·

364 2617 436 2672 Stat.
459 2617 549 2670 Theb.
568 2613 604 2680 5,
624 2615 685 2668 20⁰.
711 2618 827 2687 vigilant
848 2591 994 2701 riuptapque
1014 2590 1144 2685 nurusque
1174 2619 1202 2671 in
1230 2620 1321 2672 coelun

331 2703 429 2756 Senes.
442 2704 547 2755 Phoen.
563 2700 623 2755 298.
642 2710 743 2754 certant
759 2702 787 2752 in
799 2720 875 2772 *omae
888 2703 1006 2768 fucinus.
1042 2701 1146 2754 Lucan.
1168 2702 1203 2768 1,
1220 2701 1247 2756 5.
1265 2720 1322 2757 aer-

329 2796 413 2842 totam
430 2789 491 2842 tolia
505 2787 620 2840 loncussi
633 2783 733 2842 uiribus
746 2787 816 2839 orbis
830 2788 859 2839 in
874 2804 1006 2841 commane
1019 2789 1105 2854 nesae.

345 2942 399 3004 36.
424 2937 606 3004 Vtilitatem
624 2938 889 3005 etcommodum
909 2939 1056 3004 indicant
1079 2938 1179 3005 rerba
1196 2939 1234 3004 in
1249 2962 1324 3004 rem

264 3044 354 3106 esse,
378 3022 444 3087 hoc
462 3037 510 3090 est
533 3025 710 3112 prodesse,
740 3027 819 3092 utile
846 3048 926 3090 esse.
965 3023 1041 3091 Vid.
1057 3023 1206 3090 Arusian.
1229 3025 1323 3090 Mes-
1414 3015 1415 3046 ³

263 3128 339 3181 sum
358 3127 393 3198 p.
412 3112 485 3177 529.
528 3112 689 3177 Similiter
712 3135 730 3176 e
751 3136 789 3177 re
809 3134 898 3190 esse,
925 3112 1017 3196 quod
1035 3132 1181 3175 caussam
1199 3112 1324 3198 inipso
1414 3163 1415 3200 ,

233 3220 235 3224 ’
262 3196 430 3282 reponit,
450 3206 483 3259 et
500 3195 541 3260 ob
558 3221 651 3261 rem.-
673 3208 706 3262 at
722 3219 794 3261 non
807 3198 965 3261 'dixerunt
991 3197 1098 3261 Latini
1116 3197 1155 3260 in
1177 3219 1215 3260 re
1239 3220 1322 3279 esse,
1414 3255 1415 3268 ,

263 3295 466 3366 quamquam
491 3282 526 3345 id
552 3282 676 3346 librarii
699 3287 900 3371 supponere
916 3282 1076 3365 solebant.
1118 3281 1184 3347 vid.
1210 3281 1323 3348 Kritz.

263 3364 306 3428 od
323 3367 454 3432 Sallust.
473 3368 544 3432 Cat.
561 3373 615 3447 20,
635 3375 663 3432 1.
709 3369 923 3434 Contrarium
941 3379 989 3432 est
1004 3381 1126 3433 contra
1138 3389 1214 3432 rem
1239 3392 1324 3434 esse.

262 3450 334 3516 Alia
350 3454 482 3537 ratione
494 3453 614 3518 dicitur
628 3455 706 3518 usui
720 3460 790 3520 esse'
809 3457 847 3518 in
863 3455 1017 3541 aliquam
1037 3477 1111 3520 rem
1133 3464 1164 3519 et
1175 3449 1263 3540 fleri
1283 3455 1326 3519 irc

263 3536 420 3626 aliquam
432 3560 506 3602 rem
526 3561 589 3627 pro
606 3540 641 3604 in
658 3561 755 3605 usum
773 3539 907 3605 alieuius
928 3541 989 3604 rei.

365 3659 456 3711 Plaut.
470 3659 533 3711 nul.
553 3657 620 3725 2,1,
634 3659 678 3712 1⁰.
698 3667 729 3713 ut
745 3654 852 3728 aequom
875 3668 927 3738 est,
955 3661 1023 3729 quael
1036 3661 1064 3712 in
1071 3651 1074 3657 '¹
1084 3677 1139 3712 rem
1154 3676 1206 3712 ecce
1220 3659 1325 3726 utrique
1414 3707 1415 3738 3

329 3744 493 3798 arbitremur.
528 3744 642 3798 Terent.
658 3746 727 3797 Heu.
744 3745 771 3809 2,
785 3745 812 3810 2,
827 3743 853 3796 1.
871 3732 940 3813 §aad
953 3753 980 3796 tu
996 3745 1019 3795 si
1028 3745 1097 3796 ilem
1105 3751 1219 3813 faceres,
1232 3745 1325 3812 magis

330 3829 358 3880 in
373 3846 427 3881 rem
443 3837 469 3882 et
482 3835 598 3881 nostram
613 3838 639 3883 et
653 3829 767 3884 bactrum
788 3831 817 3882 ia
840 3831 899 3883 ciet.
932 3829 964 3893 1,
987 3827 1021 3892 2,
1045 3827 1088 3881 27.
1113 3831 1136 3882 ai
1159 3830 1189 3880 in
1205 3845 1261 3881 rem
1281 3834 1326 3881 est

331 3912 479 3966 Baoabtlie.
513 3912 596 3968 Andr.
611 3913 645 3979 3,
661 3912 698 3980 3,
710 3913 754 3968 14.
771 3915 884 3968 Phorm-
900 3914 933 3979 1,
947 3913 981 3978 3,
997 3911 1023 3964 9.
1043 3914 1134 3967 Pluut
1149 3915 1226 3967 Pera.
1241 3911 1275 3977 3,
1291 3911 1323 3975 1,

329 3994 374 4048 ll.
390 4005 478 4050 utrum
494 3998 580 4050 hercle
595 3999 685 4068 magle
700 4000 730 4051 in
745 4002 841 4053 uentris
855 4017 909 4053 rem
927 3999 1064 4052 uidebitur.
1099 3997 1158 4050 Liv.
1177 3995 1221 4058 26,
1237 3993 1325 4058 4417.

329 4081 469 4147 bortatur,
484 4083 615 4150 imperat,
631 4101 697 4150 quae
715 4085 812 4138 iurem
828 4089 897 4138 sunt.
925 4079 1029 4148 35,35,
1045 4082 1089 4136 13.
1123 4081 1183 4134 vtt.
1199 4081 1326 4132 Gronov.

332 4163 368 4219 od
383 4165 435 4233 30,
450 4165 487 4233 4,
503 4165 530 4220 3.
551 4166 692 4222 Drakenb.
714 4168 750 4222 od
765 4167 816 4234 22,
838 4167 874 4236 3,
890 4165 917 4224 2.
942 4165 1052 4224 (lortius
1076 4167 1112 4223 od
1127 4165 1239 4222 Sallust.
1258 4165 1326 4221 cot.
