2856 4720
138 313 142 321 '
236 323 301 392 cue
739 311 797 382 ln,

307 478 370 532 dem
385 489 438 528 nen
452 473 528 541 puto.
562 467 619 526 set
635 448 1085 539 rortpstt'tuonetl.eto.t,1ut.
1101 468 1129 522 in
1150 470 1200 526 soe
1217 475 1304 528 omnir

307 563 450 618 seminudo
465 560 627 614 maiestatem
640 557 746 629 regium
761 556 846 611 stom
855 557 1036 629 pruede'cstet.
1061 551 1135 626 quod
1149 557 1235 612 estin
1249 559 1307 632 lpoc

311 647 432 724 agendo:
457 644 551 698 trierim

245 750 248 758 ’
347 748 479 803 Metios-es
491 746 558 801 libri
574 748 713 821 comentes
728 744 832 800 hubent
843 745 894 798 hos
910 742 985 799 iocos
999 746 1081 799 Caes.
1092 746 1127 800 Β.
1140 746 1209 816 geli.
1224 745 1250 813 1,
1259 745 1305 801 38.

314 837 342 890 r'ro
356 835 445 888 eodem
462 831 597 886 mendacio
612 859 649 874 -
663 839 803 902 permovet.
828 830 855 897 5,
872 828 916 884 30.
940 847 1021 900 neque
1041 830 1152 897 mmm,
1172 833 1218 900 pur·
1237 851 1306 903 gru-

315 922 417 977 uierr’me
434 935 468 972 er
483 917 555 970 ociis
569 917 597 968 in
617 917 841 988 omipotente
864 923 971 970 mrem.
1006 916 1064 968 cie.
1080 915 1117 968 ud
1139 915 1194 968 Art
1210 915 1246 984 0,
1262 916 1330 970 20»

316 1007 378 1061 inde
392 1004 428 1056 ud
442 1003 576 1054 Amanum
593 1002 729 1068 contendi,
750 1002 795 1070 qni
809 1001 914 1072 Sprium
936 1018 954 1052 a
971 1001 1064 1054 Cilicia
1076 1000 1105 1052 in
1121 1017 1250 1070 aquarium
1263 1004 1308 1056 dr'-

285 1119 287 1130 i
317 1091 397 1146 nortio
412 1087 524 1142 diuidit.-
542 1088 587 1156 qui
599 1103 672 1140 mone
687 1093 743 1140 erut
763 1085 873 1138 isonium
887 1086 981 1155 plenus
996 1086 1217 1155 sempiternorum.
1251 1087 1309 1139 Bc-

319 1175 377 1240 sius
392 1170 502 1241 scripsit
516 1172 587 1235 ima,
604 1168 705 1239 reliqui
718 1168 870 1223 carnerunt
891 1171 938 1222 ise
956 1186 1009 1238 qne
1031 1171 1105 1225 iectu
1127 1169 1222 1237 inepta
1238 1187 1307 1224 evu-

319 1260 360 1314 dit
381 1254 533 1319 sententia,
557 1271 609 1308 nec
633 1257 663 1308 in
682 1258 772 1322 potest
794 1269 854 1308 esse
869 1270 936 1324 per.-
961 1269 1128 1323 quamquam
1153 1256 1187 1307 de
1208 1256 1307 1308 eodem

321 1347 413 1401 mente
427 1340 533 1395 nmmo
551 1339 587 1392 ed
600 1338 679 1393 Fam.
693 1339 720 1403 2,
736 1337 779 1401 lt,
792 1335 819 1390 4.
837 1339 934 1392 dr'ne'sus
946 1357 1076 1408 equorum
1093 1342 1221 1394 divortiis.
1251 1341 1308 1409 Qui

322 1427 397 1482 enim
412 1422 515 1479 diuisus
535 1429 576 1478 est
591 1439 726 1492 equarum
746 1421 882 1489 divortio,
906 1423 956 1478 ilie
970 1438 1047 1479 mons
1062 1424 1160 1478 dividit
1179 1433 1267 1480 terras
1283 1428 1314 1481 in

323 1527 458 1580 aquarum
472 1507 598 1564 divortio.
632 1507 741 1564 uomet
755 1509 839 1580 egos.
851 1507 880 1576 2,
895 1504 923 1564 5.
938 1509 1098 1582 mutumque
1113 1511 1142 1564 in
1159 1528 1189 1566 eo
1207 1530 1235 1567 se
1248 1529 1313 1567 cotr-

322 1598 394 1667 sepur'
407 1596 519 1649 diectot.

359 1697 458 1751 Vellei.
473 1697 533 1750 Pet.
548 1695 583 1761 2,
599 1693 667 1761 1⁰5,
682 1695 708 1750 2.
732 1696 819 1752 cirum
842 1699 1009 1771 multiplicem
1025 1699 1053 1752 r'n
1074 1699 1218 1753 otrrerttor.
1253 1697 1315 1749 Bn-

329 1783 494 1854 pheiengins
506 1787 536 1836 et
551 1781 735 1835 Ruhnkenius
747 1782 775 1836 r'n
790 1781 956 1836 eiiciendum
977 1800 1038 1836 esse
1060 1785 1239 1848 censuerunt,
1257 1799 1315 1834 uun

327 1870 362 1922 de
377 1868 446 1924 iure.
471 1867 554 1934 2,83,
564 1866 590 1920 l.
602 1869 637 1920 ‘in
652 1868 739 1925 omnia
753 1873 777 1922 et
790 1869 818 1920 in
830 1870 948 1922 emeritus
961 1870 1070 1924 venulis
1094 1866 1315 1937 Elegantiorem

311 1961 360 2037 put
384 1953 562 2007 restituerent
581 1952 730 2007 dictionem
757 1953 866 2020 critici,
899 1953 1050 2008 emiserunt
1071 1953 1314 2024 praepositionem,

327 2047 399 2110 quse
413 2055 431 2092 a
445 2037 552 2091 Velleio
567 2038 755 2108 scriptumst
778 2036 1069 2106 Quintil.121t),1t.
1088 2041 1126 2094 Μ.
1145 2039 1261 2091 Ciuilium
1279 2065 1315 2076 -

330 2111 463 2180 tentemus
473 2150 509 2172 ·-.
525 2125 554 2176 in
571 2125 704 2190 omnibus,
722 2123 834 2192 quaein
853 2141 952 2192 queque
967 2125 1128 2190 mudantur,
1146 2122 1318 2178 eminentissi-

269 2263 272 2267 .
329 2228 417 2266 mame
439 2226 515 2277 quem
529 2216 659 2264 tomenfet
671 2225 776 2262 morum
791 2210 908 2262 nominer
922 2215 1068 2277 temporum
1089 2209 1213 2261 incessere
1235 2207 1318 2261 cude-

331 2297 391 2348 bont
405 2301 436 2346 ut
454 2293 618 2347 tumidiorem
636 2319 671 2334 -·
689 2300 713 2346 et
730 2293 757 2345 r'n
772 2294 965 2364 repetitionibus
988 2293 1113 2358 nimium,
1131 2300 1156 2346 et
1171 2294 1200 2344 in
1215 2293 1317 2345 ocutos
1419 2339 1420 2342 ,

331 2379 474 2448 aliquunde
483 2365 630 2448 frigidum.
655 2378 682 2442 s,
696 2375 794 2443 mid.
810 2379 840 2430 in
854 2379 1005 2430 ementem
1015 2379 1089 2447 pleni
1102 2375 1180 2457 utque
1195 2379 1318 2448 expressi,
1418 2433 1419 2436 ,

328 2467 356 2518 r'n
370 2463 534 2533 argumentis
553 2464 638 2516 citati.
674 2463 743 2516 Tac.
759 2462 827 2515 dnn.
843 2460 886 2526 14,
901 2461 945 2518 32,
963 2463 1084 2531 seminar
1104 2465 1133 2516 in
1147 2467 1241 2529 surore
1261 2472 1319 2516 tur-

260 2607 266 2618 ,
331 2551 409 2602 totae
423 2550 511 2601 adesse
526 2549 633 2601 esitium
648 2549 781 2600 currebant.
807 2545 855 2599 nbi
873 2548 1032 2600 waltherus
1056 2549 1129 2602 mule
1151 2549 1318 2616 iuterprets-
1417 2595 1418 2610 ,

305 2704 310 2709 .
329 2639 375 2687 tur
393 2632 427 2684 de
440 2647 553 2697 esusss.
571 2633 644 2701 quod
659 2632 761 2686 reterri
775 2630 858 2684 debet
875 2631 911 2686 sd
930 2632 1115 2686 conditionem
1136 2632 1229 2688 animi.

270 2793 275 2800 '
347 2786 401 2848 40.
421 2781 550 2862 Verba,
569 2801 654 2869 quae
677 2807 803 2851 nomen
827 2807 902 2851 cum
926 2785 1173 2874 praepositione
1196 2781 1318 2850 abed-
1416 2789 1417 2798 ’

262 2873 416 2943 ¹iunctum
441 2866 564 2934 habere
587 2869 715 2953 solent,
746 2873 843 2936 etium
868 2881 999 2938 mutate
1024 2872 1186 2938 orationis
1207 2869 1319 2936 formu

265 2964 409 3045 possunt
430 2953 477 3018 ita
495 2953 663 3035 adbiberi,
692 2967 729 3020 ut
753 2980 815 3045 per
842 2959 880 3022 in
902 2956 1068 3022 indicetur
1095 2958 1146 3035 id,
1185 2957 1221 3021 in
1251 2978 1319 3040 qun
1414 3003 1415 3030 ,

266 3042 346 3128 qnid
362 3039 495 3104 fuctum.
504 3040 565 3120 sit,
586 3043 675 3129 quod
692 3042 768 3107 alias
793 3043 833 3107 ab
859 3043 970 3130 aliquo
992 3042 1118 3107 fac-tum
1140 3064 1210 3107 esse
1234 3043 1318 3106 dici-

264 3139 331 3194 tnr.
374 3125 439 3190 Sed
463 3126 583 3191 criticis
603 3129 784 3194 cavendum
808 3129 890 3210 erit,
913 3152 955 3195 ne
978 3151 1076 3194 usum
1100 3128 1199 3192 nimis
1223 3128 1320 3194 arctis
1413 3155 1414 3158 ¹

262 3211 425 3279 limitibus
448 3223 633 3277 coerceant.
676 3214 763 3280 Nem
786 3224 911 3280 veteres
927 3216 961 3278 in
985 3213 1228 3280 commutandis
1251 3235 1318 3278 nc·

264 3297 412 3364 tionibus
426 3297 587 3363 maiorem
606 3297 774 3364 licentiam
791 3311 1036 3366 concesserunt.
1154 3313 1158 3322 ’

368 3438 468 3490 Lucsn.
482 3433 572 3530 4,(11.
591 3442 720 3508 flammae
738 3442 839 3512 occepit
853 3441 883 3494 tn
900 3415 981 3493 Euro.
1009 3437 1056 3493 nbi
1079 3426 1188 3492 libeurii
1205 3436 1318 3508 quidum

328 3522 497 3576 substituere
511 3525 545 3576 ut
567 3525 650 3577 Eure.
685 3523 766 3598 Ouid.
781 3527 847 3580 Met.
861 3524 889 3591 8,
905 3523 966 3578 515.
987 3528 1076 3580 utrem
1084 3528 1201 3596 flumme
1219 3525 1317 3578 Melea

327 3625 393 3677 grus
406 3608 435 3659 in
451 3609 501 3662 uta
514 3609 607 3661 uritur.
642 3608 700 3663 Alii
717 3609 785 3664 libri
800 3612 834 3663 ab
847 3611 904 3663 illu.
1018 3645 1020 3652 ›

365 3709 422 3762 ca.
445 3727 472 3778 p.
488 3709 573 3762 uren.
587 3709 641 3774 ne.
660 3710 704 3764 ee.
729 3693 829 3781 gmina
849 3712 976 3783 remoror
997 3711 1025 3763 m
1046 3709 1161 3762 omnum
1181 3710 1316 3778 gennem.
1409 3707 1410 3714 ‘

328 3795 376 3847 ubi
389 3793 445 3847 vid,
461 3793 642 3863 Stirenburg.
656 3795 690 3846 de
705 3795 768 3850 niv.
785 3794 926 3861 1‚41‚9⁰.
946 3810 1027 3864 euque
1040 3795 1233 3848 divinationum
1248 3797 1316 3850 rutis

327 3897 358 3930 ne
374 3880 401 3929 in
417 3880 537 3931 sertore
551 3879 655 3946 quidem
670 3880 790 3949 gemitu
805 3881 927 3950 neglectu
941 3888 986 3933 est.

362 3978 421 4032 cie.
436 3981 471 4032 de
486 3979 554 4049 Lep.
569 3977 709 4044 1‚15‚42'.
726 3983 782 4036 iem
803 3999 863 4035 nero
878 3983 945 4035 tuot
968 3981 1150 4034 orotrtotmom
1167 3980 1315 4034 existimare

323 4065 412 4118 omnio
427 4066 498 4118 iustu
513 4081 582 4129 esee,
599 4081 667 4136 pune
679 4069 745 4120 reite
759 4068 812 4120 sint
824 4068 853 4120 e‘rr
863 4066 1018 4142 populorum
1037 4064 1161 4118 institutis
1184 4072 1231 4118 eut
1248 4065 1315 4136 tegi-

321 4147 374 4200 tue.
417 4149 448 4204 id
470 4150 649 4208 detonderunt
670 4151 759 4210 critici
782 4151 874 4206 verbis
896 4149 930 4220 2,
952 4149 987 4218 5,
1013 4147 1060 4204 la
1084 4150 1169 4204 muita
1188 4150 1317 4219 pestifere
