2866 4716
576 317 705 384 HAVD·
749 361 752 370 ι
1117 323 1157 386 17

121 467 225 534 beudi
248 470 315 536 sive
337 469 469 536 cavendi
492 479 648 562 poteslas.
696 465 734 536 id
758 489 835 536 sero
868 469 901 536 in
933 493 971 538 eo
999 471 1153 554 cernitur,

121 555 237 641 quod,
256 577 356 642 quum
371 555 463 637 dico,
480 560 611 646 nequid
628 558 688 635 sit,
704 575 774 624 uon
791 557 914 642 cogito,
934 555 1012 644 quid
1029 559 1070 623 sit
1090 577 1153 636 res,

120 641 182 704 sed
207 661 273 706 uun
295 663 363 706 esse
383 663 474 724 eam,
489 703 492 708 .
508 665 569 711 nee
591 645 626 710 in
651 641 942 710 considerationem
968 663 1048 710 voco
1070 641 1103 709 ui
1125 667 1153 708 τι

22 780 27 809 .,
121 722 218 805 εἶναι,
240 723 296 792 sed
318 723 351 792 ad
368 724 455 792 εἶναι.

207 850 314 920 Latini
339 854 547 942 negationem
568 872 659 934 eum,
686 847 889 952 quoequalis
909 847 950 916 sit
971 871 1022 918 res
1047 864 1153 940 negat,

122 932 295 1024 designaut
314 937 430 1004 vocula
447 949 589 1018 nou‚'et
605 957 762 1023 quoniam
781 935 904 1026 religari
918 953 1069 1002 sermone
1085 957 1152 1004 non

119 1029 191 1082 tam
210 1021 370 1086 subtiliter
388 1024 547 1086 rationem
562 1021 758 1122 distinguere
772 1021 894 1094 solent,
918 1020 1044 1110 saepius
1057 1029 1154 1090 utun-

120 1109 179 1167 tur
197 1124 261 1170 una
276 1107 336 1169 hac
354 1127 433 1190 voce
452 1127 549 1191 quarn
569 1105 703 1186 Graeci,
724 1107 780 1194 qui
796 1105 971 1195 sapientius
989 1108 1023 1172 in
1041 1103 1101 1170 bac
1119 1130 1156 1174 re

119 1191 249 1255 versati
263 1199 349 1254 sunt.
391 1191 535 1254 Alteram
549 1209 626 1276 vero
645 1191 784 1278 negandi
807 1185 969 1256 rationem
993 1191 1166 1258 medalem.

119 1273 259 1340 duobus
272 1273 440 1340 vocabulis
461 1276 485 1336 si
509 1268 640 1340 uideant
653 1299 695 1341 ue
713 1285 744 1340 et
756 1273 868 1340 houd.-
890 1273 969 1341 illud
988 1277 1019 1340 in
1038 1295 1156 1342 careu-

121 1357 188 1434 do,
228 1381 249 1423 o
275 1359 393 1434 lando,
424 1298 648 1446 probibendo,
678 1360 817 1444 uetando
841 1371 872 1426 et
901 1360 933 1424 iu
963 1363 1155 1448 conspositis

120 1379 290 1508 vocabulis
319 1439 525 1523 adliibentes‚
557 1443 623 1510 boc
654 1455 780 1521 autem,
819 1453 855 1510 ut
882 1445 1155 1534 qualemcumque

121 1527 361 1594 dubitationem
374 1529 529 1600 reiioiant.
570 1522 676 1596 Haud
694 1531 808 1620 igitur,
831 1529 919 1616 quod
943 1525 982 1614 μή
1007 1541 1072 1612 est,
1094 1555 1154 1597 ne·

122 1622 177 1701 gat
196 1636 266 1678 esse
291 1635 383 1691 rem,
415 1613 583 1699 nequead
608 1636 715 1680 rerum
740 1617 944 1714 qualitatem,
974 1615 1029 1680 sed
1056 1617 1095 1682 ad
1119 1611 1154 1684 sd

124 1693 202 1762 εἶναι
236 1704 371 1787 spectat.
425 1701 532 1788 Atque
568 1699 660 1766 istius
682 1699 836 1766 rationis
872 1701 1078 1787 quadruplex
1107 1713 1154 1766 est

122 1801 210 1846 usus.
265 1779 351 1848 Num
375 1781 471 1847 leuud
499 1803 574 1850 cum
604 1782 794 1853 nominibus
826 1787 1035 1853 coniunctum
1067 1787 1155 1852 tollit

121 1866 273 1964 ipsorum
289 1870 478 1933 notionem:
505 1864 879 1954 deindequum‘sdeluut
900 1879 1017 1956 neget,
1037 1870 1153 1936 distin·
1246 1892 1249 1901 ’
1290 1922 1292 1932 .

123 1961 208 2016 meus
228 1964 323 2040 negat
345 1975 413 2018 esse
436 1972 527 2029 rem,
549 1975 704 2038 eamque,
727 1975 808 2040 quae
825 1977 892 2022 nou
915 1959 973 2034 sit,
1001 1957 1153 2040 negando
1210 2032 1212 2041 Ι

118 2043 299 2116 asseverat:
328 2042 402 2114 lum
424 2037 562 2126 ponitur
583 2035 617 2100 in
638 2044 725 2102 reeta
753 2057 865 2102 rerum
889 2039 1097 2125 oppositione
1122 2051 1154 2104 et

123 2121 190 2204 ibi,
216 2119 270 2186 ubi
294 2123 419 2191 maiore
444 2121 651 2189 distinctione
677 2121 915 2208 aliquarum
941 2121 1083 2186 excludit
1104 2125 1154 2188 vel

121 2215 290 2274 removete
311 2207 451 2293 denique
464 2229 570 2296 ⁸quum
586 2204 726 2271 veritatis
743 2205 918 2272 affirmatio
935 2227 1003 2270 non
1022 2213 1088 2272 tam
1114 2208 1154 2274 ad

120 2314 194 2372 res,
218 2290 371 2378 quemad
387 2290 580 2364 seutentiam
597 2300 627 2358 et
642 2315 662 2355 o
691 2293 833 2356 inionem
853 2311 926 2355 cum
943 2289 1059 2356 maiori
1075 2315 1156 2380 pro·

121 2377 290 2442 habilitate
305 2376 422 2442 referri
441 2380 566 2464 possit,
589 2379 622 2442 id
640 2313 796 2454 allicitur,
817 2385 853 2440 ut
871 2375 967 2440 leutnl
990 2373 1070 2440 illud
1086 2401 1155 2443 esse

120 2470 279 2549 negetur,
302 2459 393 2548 quod
407 2481 475 2526 non
496 2481 581 2540 esse,
603 2461 666 2526 nisi
680 2483 715 2526 re
732 2463 820 2548 ipsa,
842 2467 951 2548 lqmen
969 2469 1056 2526 certe
1080 2465 1155 2550 upi-

119 2547 224 2614 nione
243 2557 275 2611 et
291 2547 389 2613 animi
405 2547 613 2634 persuasione
636 2557 772 2614 constat.
815 2546 942 2626 Quibus¹
963 2545 1016 2624 fit,
1040 2555 1073 2612 ut
1092 2570 1153 2613 nos

122 2631 162 2696 ad
177 2629 333 2697 eflectum
350 2629 558 2719 respicientes
582 2631 859 2715 huiu'particuiae
880 2629 1065 2718 graviorem
1086 2636 1154 2699 vim
1234 2669 1236 2676 v

120 2719 304 2804 negationis
319 2715 538 2782 adscribamus
556 2723 589 2780 et
607 2718 639 2782 in
658 2717 808 2804 plurimis
824 2739 1054 2802 agnoscamus,
1078 2717 1153 2784 for·

121 2799 187 2866 tius
205 2821 277 2868 eam
294 2823 431 2888 negaret
455 2824 652 2888 quamquam
678 2800 757 2866 huec
781 2800 849 2948 {im
869 2803 914 2866 vis
938 2799 1157 2890 proficiscitur

121 2907 163 2952 ex
187 2909 225 2951 ea
250 2885 426 2971 particulae
448 2897 581 2966 natura,
606 2907 704 2972 quam
720 2909 777 2950 mo
804 2885 886 2950 alem
902 2885 1155 2955 nominavimus.

120 2971 207 3035 Nam
229 2990 331 3056 quum
353 2971 575 3036 vehementius
602 2991 685 3060 nego
709 2971 829 3058 aliquid
855 2993 941 3054 esse,
964 2973 1151 3062 respondeo

122 3057 310 3144 quaerenti,
333 3077 413 3120 num
431 3058 473 3120 sit
487 3078 557 3139 res,
577 3079 646 3121 non
664 3055 765 3142 qualis
782 3057 823 3120 ait
839 3076 886 3120 ea.

204 3178 252 3245 Ita
268 3183 426 3248 veroium
446 3183 480 3246 in
507 3179 728 3268 aritiquissima
747 3182 856 3270 lingua
881 3184 1052 3270 prouisum
1075 3193 1157 3266 erat,

118 3272 157 3330 ut
185 3265 305 3353 duplex
329 3271 476 3346 ratione
499 3269 616 3332 ationis
643 3267 782 3354 proprio
811 3269 969 3334 vocabulo
997 3267 1153 3357 distingui

118 3361 245 3438 posset.
298 3353 361 3418 Sed
384 3374 460 3418 usus
477 3292 549 3420 boe
579 3351 760 3417 subsidium
783 3363 897 3440 postea
920 3363 982 3418 aut.
1000 3377 1154 3441 spernere

119 3447 176 3499 aut
192 3437 357 3523 negligere
374 3439 492 3524 eoepit.
532 3436 617 3503 Nam
633 3458 736 3523 quum
749 3440 866 3502 comici
881 3449 912 3503 et
928 3441 1050 3526 antiqui
1067 3461 1151 3525 poe·

117 3531 171 3584 tae
194 3522 291 3588 Isauri
314 3523 506 3610 particulam
528 3523 716 3610 saepissime
745 3533 971 3610 usurpassent,
1007 3532 1151 3590 oratores

118 3605 424 3696 aliiquescriptores
440 3628 589 3672 eamnon
601 3605 818 3672 adhibuerunt
831 3609 892 3673 nisi
906 3611 940 3674 in
957 3607 1152 3695 quibusdum

118 3691 287 3757 formulis.
336 3690 391 3758 vSic
420 3695 536 3759 Cicero
564 3695 597 3757 in
627 3689 826 3758 orationibus
860 3693 1046 3782 composuit
1076 3716 1151 3758 cum

118 3775 280 3842 adverbiis
302 3777 449 3866 dixitque
470 3776 565 3842 lsuud
585 3775 672 3842 seio.-
701 3796 776 3842 cum
798 3777 904 3844 verbis
927 3775 1097 3848 coniunxit
1117 3779 1150 3844 in

119 3861 266 3948 epistolis
292 3866 377 3928 etin
400 3865 511 4013 paucis
534 3863 614 3928 locis
643 3859 802 3928 librorum
834 3861 1151 3952 philosophicorum.
1262 3907 1266 3914 ·

119 3947 234 4012 Postea
254 3950 399 4036 tempori

121 4043 165 4096 est
187 4033 320 4118 antiqua
338 4033 557 4110 consuetudo,
581 4034 648 4100 aliis
670 4042 779 4098 tamen
796 4033 1017 4105 renitentibus.
1054 4037 1153 4116 'Qua-

121 4117 299 4268 relppgitur
321 4117 386 4223 boc
411 4117 605 4186 vocabulum
628 4119 752 4206 saep-ius
779 4117 862 4208 apud
884 4115 1028 4204 Livium,
1052 4139 1152 4186 nurn-

423 3972 459 4014 us
477 3949 712 4032 imperatorum
742 3947 975 4036 alquibusdam
1006 3949 1152 4018 restituta
