2846 4724
577 331 693 400 mou.
949 429 952 438 .
1048 293 1050 298 ⁵
1097 297 1175 410 aaa

106 499 187 552 cum·
204 483 392 552 referebant
417 483 524 551 Latini
549 505 624 550 cum
649 485 719 552 aliia
745 487 900 575 populis,
917 457 980 580 'qui
999 492 1067 560 loci
1092 517 1160 562 no.

105 575 196 638 mine
213 572 504 660 comprehendunt
521 593 573 636 rea
586 572 621 635 in
640 571 716 637 loco
735 571 824 639 sitas.
867 593 870 597 ·

208 685 301 746 Plaut.
318 693 419 766 Pseud.
435 691 463 759 2,
481 692 509 758 2,
523 691 650 774 26366
662 683 750 747 attere
764 694 826 750 iude
841 712 901 750 aaa.
917 695 936 749 l.
950 713 975 751 a.
994 697 1029 752 ab
1044 697 1094 752 illo
1107 697 1162 754 ml·

160 779 241 844 tire,
257 777 333 831 illiue
347 777 453 832 militia.
730 813 744 820 a·

207 883 299 935 Plaut.
319 882 399 933 Cure.
417 879 451 944 ὅ,
465 879 498 945 3,
518 877 561 934 48.
586 881 624 934 aa
645 883 803 952 trapezitam
824 900 926 949 meam,
945 883 982 937 ad
995 891 1161 952 'mammem

172 969 241 1022 Nam
257 969 318 1032 inde
332 984 387 1017 rem
402 967 472 1018 solvo
498 969 631 1034 amititur,
650 970 741 1042 quitur
761 970 849 1023 debeo.
867 969 887 1022 i.
904 987 928 1023 e.
952 969 1026 1037 apud
1048 975 1161 1038 praeto-

173 1070 242 1108 rem.
278 1050 411 1116 Germani
427 1069 478 1105 aaa
494 1053 531 1105 da
548 1063 625 1120 auto

190 1167 242 1226 10.
272 1163 340 1224 Hac
367 1161 496 1224 ratione
513 1169 638 1248 'poetae
660 1170 712 1241 et,
745 1170 783 1225 ut
808 1161 959 1242 videtur,
987 1163 1103 1252 vulgae
1126 1165 1161 1231 in

50 1315 58 1328 ,
102 1269 261 1314 sermone
277 1245 432 1311 familiari
449 1257 656 1336 componunt
670 1246 752 1312 inde
774 1269 843 1311 non
867 1248 969 1313 modo
987 1271 1061 1316 cum
1086 1273 1163 1315 ver-

102 1337 154 1400 bis
176 1332 308 1398 bibendi
331 1343 363 1394 et
384 1332 519 1408 edendi,
545 1332 721 1398 sedetiam
742 1333 924 1412 cumulus,
950 1357 1032 1422 quae
1056 1338 1162 1424 signi-

100 1422 202 1488 ficant
217 1417 339 1504 aliquid
358 1416 428 1483 lieri
446 1417 592 1482 adhibita
609 1418 670 1482 alia
687 1441 724 1482 re
741 1418 890 1483 alicunde
915 1423 1063 1507 petenda.

208 1539 289 1592 ovio.
304 1539 379 1590 Fau.
401 1537 434 1602 6,
455 1535 528 1591 213.Ι
545 1538 638 1606 defluit
656 1539 752 1591 incerto
774 1539 906 1607 lapidosus
923 1559 1054 1596 murmure
1075 1527 1162 1598 riouar

133 1663 136 1672 .
172 1625 310 1696 coeperet
328 1623 577 1692 eriguialaauatitua
594 1624 750 1676 indebitae.
785 1624 897 1678 Sallust.
912 1628 972 1681 Cat.
987 1629 1030 1696 22,
1046 1629 1164 1699 Lsuero
1276 1703 1282 1710 ¹

170 1730 202 1765 ea
226 1715 373 1778 tempestate
394 1709 585 1777 autumarent,
611 1708 753 1760 Catilinam
772 1737 803 1748 -
833 1711 945 1764 humaui
964 1718 1079 1784 corporis
1100 1735 1161 1769 aaa·

114 1791 118 1798 ’
172 1797 281 1868 guinem
297 1794 358 1845 aimo
370 1794 528 1862 permixtam
546 1793 575 1844 in
592 1793 692 1862 pateris
710 1794 901 1847 circumtulisse.
935 1798 1089 1866 lactequum
1104 1808 1162 1870 poet

174 1878 376 1935 exsecrationem
392 1895 479 1930 omuea
496 1879 717 1947 degustaviaeeat,
734 1906 769 1916 -
789 1879 920 1948 aperuirae
936 1885 1066 1936 consiliam
1079 1903 1162 1939 mum·

121 2027 125 2036 ι
173 1967 235 2033 Quo
255 1964 283 2016 iu
305 1963 367 2014 loco
386 1962 547 2034 explicaudo
566 1960 689 2014 Krlteiue
706 1961 836 2016 iniuriam
853 1962 920 2015 iecit
932 1965 1097 2044 Gerlachio‚
1114 1969 1163 2038 qul

171 2051 235 2110 iude
249 2049 443 2114 iuterpretatur
460 2055 566 2100 crater
581 2065 645 2115 quo:
666 2062 728 2104 num
747 2064 805 2113 quo·
824 2046 913 2100 minua
930 2048 970 2101 ita
985 2050 1162 2119 accipiamua,

172 2151 224 2188 nec
239 2131 404 2186 constructio
421 2132 500 2183 verbi
521 2133 666 2202 degustare
687 2119 818 2198 impedit,
835 2149 887 2185 nec
902 2131 1032 2186 oraticula
1047 2134 1161 2190 iunctu-

172 2223 220 2283 ra,
245 2219 274 2270 iu
288 2234 342 2285 qua
360 2215 430 2269 illud
446 2217 557 2278 deiude,
583 2216 654 2284 quod
680 2215 804 2268 Kritziue
828 2215 856 2268 iu
877 2218 936 2271 iude
959 2218 1050 2284 videt,
1073 2224 1162 2276 vehe-
1245 2203 1248 2214 ¹

175 2311 282 2358 mentor
301 2289 435 2371 displicet.
470 2300 626 2369 asyndeton
642 2302 714 2354 enim
728 2301 837 2358 ¹nullum
861 2306 918 2367 eat,
937 2303 983 2355 eccl
1005 2306 1094 2360 oratio
1108 2309 1162 2361 lie-

172 2406 207 2443 no
223 2387 406 2460 progreditur.
440 2387 482 2441 Do
496 2403 547 2438 uau
565 2385 646 2440 verbi
664 2389 806 2455 degustare
819 2384 882 2437 uide
894 2387 966 2438 Plin.
980 2389 1053 2442 lliet.
1073 2409 1099 2443 u.
1114 2391 1159 2459 el,

173 2474 201 2540 2,
219 2474 262 2527 lo.
298 2475 333 2526 ut
351 2469 457 2540 Apulei,
474 2471 542 2523 Met.
559 2471 602 2524 lo.
622 2487 649 2538 μ.
663 2467 723 2535 251,
742 2468 786 2523 26.
808 2471 845 2538 (p.
861 2469 920 2522 229.
940 2472 1027 2540 Prie.)
1046 2475 1162 2532 indidem

172 2561 205 2612 de
219 2559 325 2629 potione
347 2555 464 2627 gustavit
482 2557 603 2623 amplius.
638 2555 721 2609 ovid.
738 2556 813 2609 uasa.
831 2549 938 2622 2,’257.
954 2558 1015 2610 iude
1032 2566 1107 2611 eatur
1120 2561 1163 2613 ai-

172 2644 232 2714 gria
251 2645 359 2712 longum
376 2642 450 2710 rapit
468 2640 602 2710 unguitur
623 2640 744 2709 hydram.
785 2639 910 2694 Martiul.
932 2639 964 2705 9,
979 2639 1030 2708 66,
1046 2642 1078 2696 'ia
1101 2645 1164 2700 iude

174 2737 257 2781 eatur.
291 2727 323 2780 la
343 2727 410 2782 Met.
432 2724 465 2790 6,
481 2723 541 2777 666.
559 2731 681 2794 praestat
701 2727 772 2796 ipae,
793 2725 839 2777 cui
862 2727 1036 2798 Bormanon·
1058 2733 1162 2786 temera
1273 2731 1278 2742 '

176 2811 314 2866 rubetituit
328 2814 394 2865 iude.
432 2811 487 2864 Sed
501 2809 564 2862 virle
578 2811 727 2868 Burmann.
744 2811 780 2864 ad
792 2815 938 2879 utrumque
957 2811 1059 2866 locum.

212 2913 309 2984 Virgll.
324 2915 390 2996 aler.
406 2912 432 2979 ὃ,
446 2911 507 2965 661.
526 2915 562 2966 ad
579 2931 693 2982 aequora
711 2915 794 2979 matt,
813 2914 923 2966 luminii
938 2915 1030 2980 assasti
1045 2917 1163 2982 fluidum
1228 2974 1233 2984 ,

181 3001 245 3052 tavit
259 3000 321 3052 iude
340 3017 466 3052 cruorem.
489 2999 518 3051 lt.
533 3015 558 3050 a.
573 3014 645 3064 aqua
666 3015 699 3050 ex
721 3013 839 3066 aequore
858 3004 975 3066 sumpta.
1010 2999 1078 3052 vtae
1092 3000 1164 3055 Bur-

178 3101 270 3137 mann.
286 3085 385 3136 Florua
407 3083 440 3147 2,
462 3081 511 3147 18,
535 3079 578 3134 14.
602 3085 638 3152 aio
660 3093 778 3136 comeatu
799 3101 880 3135 mauu
892 3083 1006 3151 plurimi
1026 3087 1117 3138 acciti:
1137 3094 1163 3141 et

176 3187 256 3238 quum
273 3176 378 3238 urgeret
391 3172 497 3234 samer,
521 3168 711 3240 aliquantisper
732 3168 792 3222 iude
817 3169 909 3226 viuere·
935 3165 955 3218 i.
972 3185 996 3222 e.
1021 3171 1058 3223 aie
1079 3172 1162 3226 tobim

175 3255 269 3307 dauon.

196 3370 246 3430 11.
271 3359 566 3443 Quemadmodum
581 3360 661 3424 irinc
679 3358 719 3426 de
735 3381 856 3449 genere
871 3381 995 3444 rerum,
1017 3363 1057 3428 ad
1072 3363 1163 3450 quod

112 3447 191 3536 quid
210 3445 422 3514 referendum
443 3448 502 3526 eit,
527 3457 723 3532 usurpatur,
744 3449 789 3512 ita
811 3448 909 3512 etiam
929 3449 1010 3513 iude
1035 3470 1098 3536 pro
1121 3472 1161 3518 ex

110 3535 173 3599 laoo
195 3557 333 3622 genere.
386 3534 439 3596 Sic
465 3532 545 3597 adeo
571 3531 731 3618 particula
754 3533 886 3618 genitivi
913 3535 1018 3598 vicem
1041 3534 1163 3620 explet.

110 3620 196 3684 Nam
214 3641 296 3704 quae
314 3642 331 3682 a
350 3630 445 3706 parte
464 3618 598 3684 alicuius
622 3622 671 3685 rei
698 3618 966 3703 casedicuntur,
987 3621 1089 3708 ipsius
1113 3623 1161 3686 rei

111 3707 263 3773 uidentur
278 3713 357 3772 estc.

214 3821 409 3891 0111111124,
425 3821 467 3876 39.
484 3824 546 3884 inite
563 3821 728 3892 belligerare,
744 3823 787 3894 pa’
801 3825 943 3878 meridiem.
962 3823 1011 3880 ubi
1020 3825 1162 3896 Spalding.
1255 3797 1258 3804 .

111 3925 115 3930 ’
174 3909 249 3974 6,,1,
263 3908 305 3963 42.
323 3910 385 3968 iada
399 3917 435 3964 eat
449 3911 534 3973 caim,
552 3907 670 3961 tendit
693 3911 735 3963 aa
755 3926 871 3979 genua
890 3913 942 3962 ete.

217 4011 278 4064 uia.
292 4011 318 4077 6,
334 4011 359 4078 9,
375 4010 400 4064 4.
417 4030 541 4082 quum-ea
557 4013 614 4063 loca
631 4013 751 4081 opposita
765 4013 892 4069 Etruriae
911 4020 936 4064 et
953 4013 1022 4065 uelut
1046 4014 1164 4068 claustra

180 4099 240 4150 iude
259 4103 402 4168 portaeque
423 4107 525 4163 coarat,
545 4121 580 4140 ·-
604 4097 729 4156 Romania
751 4095 919 4168 recuperandi
940 4099 1078 4170 tacendique
1100 4117 1163 4156 cara

183 4189 248 4236 erat.
