2856 4722
216 329 290 394 aaa
539 299 542 306 ’
634 322 841 390 vlaniantia.
946 313 1000 332 '¹

284 479 387 546 inerit,
413 479 462 531 sed
485 478 574 546 primo
596 475 695 530 dubius
718 477 848 546 quidnam
868 474 979 530 insolita
998 477 1084 530 iacies
1105 478 1272 533 osmnderct.

288 567 364 620 Tum
379 562 540 631 interposita
558 561 601 638 rei
615 560 797 629 explicatione
814 560 934 616 restitnit
948 563 1117 629 orationem,
1135 565 1182 616 sed
1206 581 1271 634 per·

287 650 330 722 git
354 637 457 704 activos
489 649 532 701 Ea
555 663 620 700 vero
642 644 731 710 ratio,
755 663 836 714 qoam
859 646 981 701 iiriteins
1000 648 1137 714 defendit,
1160 649 1273 717 probari

286 754 340 789 nan
354 740 451 804 potest,
469 734 548 801 quasi
565 731 657 786 activo
673 749 753 784 senen
762 731 886 784 dicatur-c
901 749 961 785 cnm
974 735 1085 789 exercita
1095 735 1272 802 conspicatur.

288 820 308 874 i.
326 838 361 872 c.-
380 818 525 886 conspicit,
544 833 633 885 neque
654 810 744 868 omitti
765 815 811 868 hic
835 803 923 883 picen
944 822 1052 877 nomen
1064 836 1177 884 corum,
1203 809 1277 887 qim¹

287 889 422 958 ¹iiieteliur
437 899 753 977 narretunconspexisse.
787 900 893 967 Qirodri
906 904 1045 971 passivam
1059 904 1170 972 accipis,
1182 903 1277 959 omnia

289 1004 357 1042 vero
370 1005 400 1041 ae
417 988 520 1041 habent
534 983 652 1053 optima,
670 1001 759 1052 neque
773 985 912 1054 elegantia
927 993 1031 1042 carent·

336 1091 398 1144 niv.
413 1088 440 1156 4,
457 1088 502 1154 51,
517 1086 545 1141 4.
569 1088 653 1166 iacere
665 1091 782 1142 -tarndc'u
802 1091 897 1142 irritae
919 1093 1076 1157 sanctiones,
1093 1108 1160 1159 puae
1173 1091 1206 1143 dc
1222 1089 1288 1142 suis*

293 1177 432 1230 commodis
439 1178 590 1243 ferrentur:
610 1192 689 1242 quam
709 1175 810 1226 interim
832 1175 864 1226 dc
885 1176 1015 1245 sanguine
1039 1185 1062 1230 et
1083 1177 1209 1246 supplicio
1229 1191 1278 1226 cuo
1303 1171 1307 1185 '

240 1244 244 1258 x
294 1263 379 1314 iatam
397 1262 483 1332 legem
497 1258 634 1326 conseitim
648 1261 757 1312 exerceri
771 1267 795 1312 et
816 1266 920 1338 taptam
939 1261 992 1312 aim
1012 1263 1114 1314 tatere.
1149 1259 1176 1326 6,
1192 1257 1237 1326 21,
1252 1256 1280 1312 6.

294 1345 321 1411 6,
335 1345 379 1411 11,
393 1343 422 1398 4.

312 1493 342 1564 6.
375 1497 596 1562 Historiarum
620 1495 722 1579 igitur
746 1504 912 1573 auctores,
934 1506 967 1559 ct
990 1497 1047 1582 qni
1067 1504 1203 1560 narrant
1227 1516 1281 1559 res

229 1594 335 1670 gestas
344 1631 354 1664 ,
374 1593 517 1646 utuntur
529 1581 594 1645 hoe
620 1579 797 1662 voeabula,
818 1590 854 1642 ut
880 1592 935 1644 aut
960 1603 1011 1646 res
1035 1581 1075 1645 ab
1099 1582 1168 1645 aliis
1193 1591 1284 1645 actas

185 1671 187 1676 ’
230 1670 271 1734 ad
293 1669 381 1732 idem
402 1679 555 1756 tempus,
591 1667 631 1730 de
658 1687 723 1751 quo
748 1667 875 1752 loquuti
902 1676 995 1746 sunt,
1027 1665 1189 1746 referant,
1224 1676 1282 1732 out

136 1793 139 1798 ·
230 1753 418 1842 significent
434 1774 568 1819 cursum
583 1771 697 1816 rerum
717 1775 785 1816 non
811 1750 882 1816 esse
900 1751 970 1817 aliis
985 1753 1086 1818 rebus¹
1099 1753 1282 1817 turbatum.

187 1881 190 1890 ⁴
269 1905 271 1910 ¹
332 1889 391 1944 Cic.
409 1907 441 1964 p.
464 1889 527 1959 [rig.
550 1889 576 1954 l,
597 1886 623 1941 8.
647 1890 806 1956 quaerebant
823 1891 934 1958 aliquem
956 1893 1064 1955 ducem,
1090 1907 1170 1958 qaum
1194 1889 1283 1959 Liga-

297 1975 354 2030 rius
371 2003 405 2014 -
421 1975 493 2027 nullo
506 1992 532 2027 se
549 1973 680 2044 implicari
698 1974 806 2043 negotio
823 1992 916 2044 passus
937 1981 984 2034 eet.
1017 1975 1123 2028 interim
1146 1976 1174 2029 P.
1193 1975 1284 2029 Attius

302 2061 384 2114 Varus
401 2087 434 2099 -
455 2060 557 2112 Vticam
572 2058 648 2110 uenit.
681 2059 717 2110 ad
731 2060 808 2111 Fam.
825 2059 869 2123 1⁰,
882 2058 925 2122 12,
937 2057 964 2110 4.
983 2061 1041 2127 feci
1061 2062 1183 2112 continuo
1197 2077 1285 2113 omnes

219 2175 234 2202 ο
298 2147 440 2222 participes
453 2161 526 2197 meae
539 2142 687 2211 voluptatis.
723 2144 827 2196 interim
842 2146 878 2197 od
893 2145 1013 2211 mevenit
1034 2145 1170 2197 Munatius
1187 2152 1285 2198 maer.

302 2231 415 2286 Sailust.
436 2229 497 2298 ing.
512 2226 596 2291 66,1.
623 2228 727 2281 interim
743 2229 876 2299 iugurtha
894 2257 929 2267 -
946 2247 1003 2282 cnm
1026 2247 1129 2298 magna
1150 2246 1214 2282 cura
1232 2245 1285 2300 pa-

257 2361 263 2372 .
302 2332 364 2368 rore
387 2315 480 2367 omnia.
522 2311 618 2384 lustin.
640 2311 790 2379 2,14,1.
815 2315 920 2371 interim
945 2315 1102 2370 Mardonius
1121 2315 1149 2368 in
1171 2315 1286 2368 Graecia

306 2400 449 2470 Olynthum
462 2404 607 2469 aspergant.

349 2501 465 2554 Terent.⁴
481 2500 565 2553 Andr.
590 2499 616 2564 1,
632 2498 658 2565 l,
674 2498 735 2553 166.
756 2502 841 2566 funus
863 2499 969 2553 interim
991 2500 1123 2570 procedit:
1145 2499 1286 2567 sequimur.

302 2587 395 2640 Plane
411 2585 498 2640 Stich.
515 2585 543 2649 2,
557 2584 584 2646 2,
598 2580 642 2636 46.
660 2585 727 2637 alim
743 2586 826 2639 aliurn
840 2593 1040 2654 percontamur:
1061 2583 1121 2636 enin
1136 2589 1174 2636 eet
1188 2582 1287 2637 mois?

303 2673 367 2742 quid
379 2672 473 2726 aedit?
487 2675 492 2690 ⁴
507 2668 616 2723 interim
629 2670 809 2748 Epignomum
822 2671 965 2741 conspicio,
983 2675 1058 2724 tuum
1071 2670 1165 2724 cirum·
1235 2677 1238 2688 ¹

322 2827 355 2887 7.
375 2825 447 2888 Hoc
464 2819 568 2886 modo
592 2821 662 2908 ipsa
681 2843 793 2886 rerum
815 2821 1049 2909 consequentia
1073 2831 1205 2910 poterat
1228 2820 1289 2888 de·

241 2907 371 2994 signari.
406 2909 470 2974 Res
487 2907 575 2971 enim
591 2906 818 2995 intelliguntur
834 2930 909 2973 cum
926 2914 1082 2996 ipsomet
1113 2930 1171 2973 ore
1196 2909 1289 2974 exsi-

241 3003 379 3069 stentes,
407 2994 474 3058 sive
491 2993 666 3058 continuus
691 3015 803 3057 rerum
826 2996 929 3062 ordo:
950 2995 985 3060 id
1009 2932 1108 3083 quoti)
1122 2994 1290 3083 germani-

242 3097 317 3142 cum
333 3080 536 3144 inamiselzen
551 3081 648 3145 stiam
666 3080 833 3167 exprimit.

347 3213 461 3284 Terent.
477 3217 547 3268 Hec.
560 3214 588 3280 1,
602 3214 629 3281 2,
645 3213 705 3273 lot.
719 3218 804 3285 primo
821 3219 867 3270 hoe
882 3218 938 3270 dice
954 3219 1135 3287 complusculos
1150 3217 1208 3271 derce
1228 3233 1292 3270 cora

308 3301 412 3354 occidat
430 3318 493 3354 sanc
507 3301 576 3358 inter
590 3317 642 3354 eea.
677 3302 784 3355 interim
807 3294 883 3358 atrii
896 3303 978 3355 modis
995 3304 1077 3356 odiose
1091 3301 1171 3372 coepit
1187 3301 1294 3354 Sostra-

252 3416 254 3432 ·
310 3394 373 3442 nn.
408 3385 519 3441 Sueton.
536 3385 632 3439 Tiber.
647 3385 690 3438 aa.
708 3388 827 3451 interim,
845 3404 921 3455 paam
938 3388 967 3440 in
983 3388 1049 3439 anis
1069 3394 1173 3438 senaim
1186 3385 1295 3454 legisset

313 3477 366 3526 etc.
400 3472 511 3524 Patron.
526 3469 568 3523 2i.
585 3489 632 3524 noc
645 3472 748 3525 interim
763 3473 851 3526 vestiti
869 3489 959 3526 errare
980 3470 1123 3542 coepimus.
1150 3483 1236 3539 querar
1248 3470 1295 3523 io-

312 3572 376 3610 cum
389 3545 553 3623 interpretes
568 3557 641 3634 maie
657 3561 818 3612 tractarunt.
1015 3563 1016 3570 ’

345 3659 549 3727 Componantur
569 3661 622 3714 hoo
652 3678 734 3717 sensa
763 3660 850 3718 acrba
878 3667 954 3729 atquc
984 3659 1106 3726 interim,
1137 3656 1171 3710 de
1195 3655 1296 3726 quina·

316 3743 397 3799 Tam.
410 3744 436 3797 1.
454 3762 481 3813 p.
495 3741 556 3805 496.

330 3900 363 3960 8.
387 3896 552 3964 Adhaeret
568 3897 666 3964 etiam
681 3898 776 3963 notio
788 3894 981 3962 clandestini
994 3903 1128 3962 eventus
1144 3889 1196 3956 vel
1213 3911 1300 3955 con-

248 3977 324 4045 silii.
365 3982 532 4048 Nimirum
547 3984 684 4050 dicimus
705 3984 840 4049 interim
857 3981 928 4049 fieri
942 3982 988 4063 id,
1007 3979 1095 4068 quod
1120 3976 1302 4044 nescienti-

249 4063 311 4128 bus
335 4066 433 4136 nobis
453 4067 513 4153 fit,
541 4080 574 4136 ct
595 4069 648 4152 id,
685 4069 777 4157 qaod
798 4068 887 4138 aliud
913 4077 1064 4156 agentes,
1104 4066 1189 4132 clam
1216 4083 1302 4152 per·

131 4169 140 4184 ‘
248 4147 375 4218 ficiunt.
