2846 4724
484 320 488 328 1
543 303 710 370 *sunu
1018 350 1023 359 ι
1115 285 1234 409 ssi„
1308 281 1311 288 ’

122 459 159 524 ld
185 447 264 525 ver'o
287 459 656 544 uostris·grammatinis
680 455 783 524 deictis
814 458 914 526 hortis
944 482 1012 526 non
1043 473 1176 552 poterat

123 547 266 635 placere.
310 545 363 608 Im
380 545 608 609 demonstrant
626 544 715 610 enim
740 567 808 610 esse
832 545 1029 629 vocabulum
1052 549 1176 614 locati-

120 654 216 708 vum,
234 633 271 714 in
286 632 392 696 verbis
412 629 514 704 olim,
535 629 675 696 interim
691 632 872 706 adiectum,
898 632 932 695 in
957 633 1067 701 v'erbis
1082 636 1175 716 iude,

117 716 205 782 inibi
230 719 460 804 praemissum.
493 713 583 798 ¹Quo
602 728 712 782 autem
729 719 833 782 modo
860 716 1011 797 (ίείηᾱε,
1022 721 1174 805 perinde
1218 717 1229 726 ’
1288 731 1292 738 “

120 803 304 890 composita
321 801 484 889 sintgnon
502 791 579 865 'satis
595 802 772 888 declarant.
811 803 891 867 Vide
907 802 996 882 Max.
1017 806 1175 870 Schmid-
1228 822 1229 828 ’

113 891 201 956 tium
218 888 257 952 de
268 889 424 952 Pronom.
440 891 536 974 prta.
565 887 807 954 Lindemannus
826 887 1014 954 deAdverb.
1027 896 1059 954 2.
1077 897 1173 978 p.·21.

117 975 280 1059 acquievit
295 974 329 1036 in
346 995 405 1049 eo,
428 984 463 1035 ut
478 973 607 1036 diceret
622 975 660 1038 in
687 975 826 1041 derivari
848 973 966 1039 debere
991 975 1030 1038 ab
1056 977 1105 1056 is,
1126 977 1174 1042 uti

118 1062 201 1146 qrrin
227 1057 353 1122 factum
378 1059 421 1121 sit
448 1080 490 1123 ex
514 1058 598 1144 quis.
642 1059 758 1123 Athis
784 1060 938 1123 omnibus
957 1060 1042 1125 nihil
1068 1062 1172 1147 magis

116 1144 279 1224 el'ticitur3
303 1144 401 1230 quarn
420 1154 457 1206 ut
471 1149 736 1228 cognoscamus,
755 1144 880 1231 sylla'ba
903 1145 917 1207 i
926 1191 934 1214 ‚
957 1146 1024 1210 sive
1047 1147 1081 1210 iri
1104 1157 1172 1212 ter·
1234 1185 1242 1201 ι

115 1231 308 1299 ωἱυυῑίοηο,
325 1231 393 1293 sive
416 1229 450 1292 in
474 1230 727 1314 praepositionis
754 1231 961 1315 aliorumque
990 1232 1172 1296 vocabulo·
1222 1257 1224 1264 ¹
1258 1249 1261 1254 ·

115 1336 195 1378 rum
214 1313 479 1378 conformatione
500 1304 663 1394 adhibita,
682 1311 974 1380 demonstrativam
998 1319 1173 1392 notionem

110 1399 264 1484 exprimi
294 1420 432 1484 eamque
465 1397 503 1460 ad
534 1398 646 1463 locum
679 1399 811 1464 referri.
864 1401 975 1482 Quare
1011 1402 1049 1466 in
1077 1402 1178 1468 reddi·

115 1493 229 1572 potest
253 1505 314 1570 per
338 1483 404 1562 da,
429 1482 518 1547 dort-
549 1484 626 1548 rSed
645 1483 863 1571 Hartungius,
887 1509 911 1548 n
935 1485 1080 1550 litteram
1100 1509 1171 1551 non

114 1570 348 1656 paragogicnm
373 1589 443 1632 ease
470 1569 776 1649 demonstraturus,
803 1571 838 1634 in
860 1571 945 1634 libro
971 1570 1012 1634 de
1037 1572 1172 1637 Casibus

116 1679 151 1742 p.
169 1659 244 1718 228.
262 1664 433 1741 comparat
455 1649 553 1718 πόθεν
576 1665 608 1719 et
625 1652 849 1741 gernrnniuum
873 1657 952 1738 ltin,
976 1668 1074 1743 atque
1094 1657 1173 1744 opi-

117 1750 214 1803 natur
229 1763 254 1803 n
275 1741 342 1805 sive
357 1763 391 1802 m
407 1738 589 1824 significare
611 1751 742 1804 motum
769 1763 809 1805 ex
832 1742 942 1826 aliquo
959 1739 1050 1806 loco.
1096 1743 1172 1822 Qua

117 1825 150 1888 in
173 1825 320 1888 doctrina
346 1825 498 1888 notiones
523 1825 704 1890 verborum
730 1827 792 1896 tiis
814 1823 853 1889 et'
868 1827 929 1890 lter
949 1828 1080 1892 eaedem
1100 1849 1171 1892 esse

116 1909 282 1991 videntur.
341 1909 456 1994 Neque
489 1921 682 1994 arguments
716 1911 756 1974 nb
788 1911 973 1997 Hartnugio
1001 1913 1171 1998 supposita

117 1995 300 2082 quidquam
332 1995 486 2081 probant.
538 1995 680 2081 Syllaba·
702 1996 745 2060 cle
778 2005 888 2090 antepr
915 2019 986 2059 non
1016 1998 1087 2083 ipso
1121 2007 1170 2060 est
1217 2036 1222 2053 s

116 2079 322 2168 praepositio
344 2081 479 2144 traiecta
491 2127 501 2159 ,
523 2082 579 2144 sed
598 2103 664 2146 vox
685 2103 741 2159 ea,
763 2081 894 2166 quaein
914 2083 1005 2146 ἔνθεν
1026 2084 1171 2147 occurrit

109 2177 150 2228 et
173 2167 234 2230 lter
265 2163 449 2252 significat,
486 2175 518 2228 et
549 2167 583 2230 in
611 2166 868 2252 praepositionis
901 2188 999 2230 usum
1029 2167 1170 2233 transiit.

114 2251 204 2320 Nam
221 2253 312 2316 ἔνθεν
328 2249 454 2314 etiarnsi
470 2251 579 2315 Carol.
606 2253 711 2316 Gottl.
737 2249 939 2315 Schmidtius
959 2252 999 2315 de
1021 2244 1169 2339 Plnepo-

103 2337 169 2400 'sit
190 2359 297 2424 graec.
314 2360 348 2422 pa
366 2343 418 2400 23.
437 2357 478 2399 ex
497 2336 554 2428 &ptr
578 2336 645 2402 sive
670 2339 721 2401 tva
742 2336 866 2402 factum
887 2340 1033 2412 censeat,
1056 2347 1169 2400 taurea

118 2445 254 2486 neeesse
273 2423 334 2486 erit
352 2421 491 2485 duarum
516 2421 719 2508 syllabarum
742 2432 862 2485 statuas
886 2423 1038 2490 stamina.
1082 2423 1170 2488 Inde

115 2509 218 2594 agitur
236 2517 284 2570 est
296 2505 421 2584 daher,
439 2517 471 2569 et
488 2503 637 2592 praefixo
654 2506 809 2572 adverbio
827 2507 952 2572 deinde
968 2531 1031 2573 eon
1048 2508 1169 2572 daher.

117 2594 320 2680 Hartungius
340 2617 374 2677 p.
394 2597 466 2656 171.
486 2594 574 2656 etde
592 2593 759 2656 Particulis
776 2615 883 2680 graec.
902 2599 931 2656 1.
955 2617 989 2678 p.
1005 2597 1080 2658 275.
1104 2617 1170 2656 no-

116 2701 156 2746 va
175 2701 211 2742 ac
229 2677 400 2750 mirabilia
415 2686 547 2764 captans
564 2679 680 2762 docet,
703 2677 746 2742 de
771 2701 841 2743 esse
864 2677 1022 2742 suffixum
1050 2679 1168 2742 nullius

116 2765 142 2828 si
168 2763 382 2859 nificatjonis,
405 2765 454 2834 uti
471 2763 504 2826 in
529 2763 694 2850 qrsamcta
717 2785 777 2828 nec
806 2761 941 2827 differre
967 2765 1007 2828 ab
1032 2763 1110 2828 dem
1134 2765 1170 2828 in

115 2790 220 2928 ιἰῗοηι,
237 2848 383 2935 quidem,
401 2870 467 2912 nec
485 2849 524 2911 ab
541 2849 723 2935 graecoslt.
769 2849 890 2912 Caussa
906 2871 995 2930 vero,
1021 2872 1169 2936 quapro-

113 2947 189 3026 pter
204 2943 261 2998 θεν
277 2945 308 2998 et
324 2932 367 2997 de
384 2936 571 3020 comparari
590 2957 688 3022 posse
703 2944 812 3020 negat,
830 2945 1033 3020 prorsus'est
1048 2936 1148 3001 nulla.

200 3042 227 3102 1.
241 3027 621 3115 Demonstrativauotiq
641 3035 829 3120 quaeinest,
847 3057 905 3120 per
921 3025 1058 3122 omneni
1069 3055 1168 3098 usum
1257 3097 1259 3106 x

114 3121 294 3211 particulae
313 3131 440 3195 manet,
464 3143 546 3206 qua-e
562 3120 700 3207 proprie
718 3119 758 3182 de
775 3120 850 3182 loco
865 3119 1002 3210 dicitur,
1020 3121 1112 3183 nteit
1129 3143 1170 3184 ea

115 3209 176 3274 itto
196 3207 280 3287 loeo,
296 3205 384 3270 unde
400 3206 523 3292 aliquid
541 3206 608 3270 exit
624 3206 676 3270 vel
700 3205 872 3269 emittitur:
894 3202 1013 3285 daher,
1031 3229 1093 3269 von
1109 3204 1169 3268 do.

117 3295 186 3362 Nec
196 3303 314 3357 tamen
327 3295 531 3357 construitur
540 3313 615 3355 cum
625 3291 875 3378 praepositione
887 3315 920 3370 α,
931 3292 987 3356 sed
1001 3313 1076 3374 curn
1089 3290 1171 3356 aliis.
1260 3366 1267 3375 Ι

215 3434 307 3503 Plnqt.
322 3431 409 3484 Stich.
424 3431 450 3497 1,
463 3431 490 3496 2,
506 3431 532 3483 9.
552 3433 590 3484 ud
606 3429 690 3484 nicam
707 3431 833 3484 maiorem
843 3433 933 3498 filiam
949 3432 1030 3485 innan
1045 3433 1167 3498 domums

183 3517 207 3570 ci
219 3519 278 3585 quis
294 3535 334 3569 me
350 3524 476 3584 quaerat,
488 3517 548 3568 inde
562 3522 676 3568 vocatote
691 3516 780 3582 aliqui.
816 3516 930 3568 Terent.
943 3515 1027 3568 Andr.
1039 3515 1065 3578 2,
1081 3513 1107 3577 2,
1124 3511 1169 3564 31.

97 3595 100 3606 ’
180 3602 263 3654 etiam
273 3601 454 3670 puerumiudl
469 3601 559 3652 obiens
574 3600 691 3668 conspexi
708 3600 820 3654 Chremi.
848 3599 992 3667 1,1‚llo.
1017 3601 1089 3651 ratleo
1107 3597 1170 3650 inde

182 3687 273 3737 tratas.
309 3681 365 3736 Cio.
384 3684 418 3736 ad
433 3685 488 3738 Art.
502 3684 546 3750 12,
563 3682 607 3737 15.
624 3701 751 3752 quumque
766 3703 843 3738 marra
857 3701 898 3737 rne
911 3685 940 3736 in
954 3686 1045 3737 silvam
1060 3681 1171 3735 abstrusi

179 3771 288 3822 densam
304 3777 328 3821 et
346 3786 483 3838 asperam,
500 3781 551 3823 noo
568 3788 626 3823 ereo
642 3771 703 3822 inde
717 3775 776 3822 anto
793 3786 933 3838 vesperum.
966 3767 1027 3821 Ltv.
1041 3763 1067 3830 5,
1082 3764 1127 3829 41,
1143 3762 1170 3815 a.

181 3856 242 3906 inde
264 3870 352 3905 rursus
373 3854 433 3922 ipsa
454 3855 589 3907 solitudine
612 3855 752 3908 absterriti.
787 3843 898 3906 Suessa
922 3853 999 3905 Caes.
1014 3849 1058 3904 et.
1084 3851 1122 3902 r're
1143 3867 1171 3902 se

184 3939 221 3990 ad
239 3938 377 3990 exereitum
392 3938 446 4005 siqe
469 3939 532 3992 duee
547 3940 645 3992 atinde
659 3954 823 3990 reversurum
835 3939 870 3989 acl
884 3938 973 3989 ducem
985 3936 1040 3988 siae
1054 3935 1170 3988 sancitu.

188 4019 353 4087 Quintil..2‚
368 4020 418 4086 ll,
434 4007 460 4074 5.
486 4025 522 4079 od
545 4025 601 4076 alia
615 4024 732 4091 deinceps
747 4031 824 4090 atque
836 4023 897 4074 insit
909 4022 964 4072 alia
980 4044 1014 4060 -
1032 4013 1171 4072 devertunt.

184 4105 245 4159 Lir.
262 4101 348 4172 2⁸43,
362 4103 387 4158 2.
401 4106 490 4178 prima
505 4105 559 4162 luce
580 4108 659 4178 signo
674 4107 737 4160 dato
752 4107 890 4160 multituda
904 4104 985 4160 omna
1003 4103 1032 4156 in
1044 4107 1107 4172 foro
1129 4102 1172 4155 ia·
