2856 4720
213 350 285 414 ceo
409 371 413 378 ·
672 289 837 410 tituto..

212 501 326 598 pavit,
347 495 439 587 quod
455 495 715 566 animadvertere
741 492 906 563 debebant
925 496 1125 588 interpretes
1147 496 1277 598 Horatii
1355 525 1358 529 ·
1379 507 1381 510 ’

101 665 104 672 Ι
212 609 246 652 m
262 587 333 652 Art.
352 595 446 674 poet.
462 589 516 651 32.

296 725 334 793 In
356 724 492 813 scriptis
508 721 678 788 codicibus
697 721 933 809 antiquissimis
956 723 1087 810 Virgilii
1113 724 1277 790 aliorum·
1385 743 1390 754 “

214 833 279 898 quc
296 811 509 898 scriptorum
525 811 645 900 legitur
663 809 787 888 immo,
811 808 975 896 duplicata
998 832 1044 878 m.
1089 810 1132 874 ld*
1151 821 1276 876 testan-
1332 891 1334 900 Ι

211 909 267 961 tur
290 897 393 962 Aldus
418 907 450 960 et
477 897 649 960 Cellarius.
703 895 772 974 Qui
799 915 876 958 vero
896 915 961 962 una
984 895 1093 961 littera
1115 919 1151 966 m
1173 896 1297 965 scribi‘

211 983 401 1048 maluerunt
417 983 505 1062 imo,
533 982 573 1046 ad
598 975 687 1050 imus
713 992 950 1080 respexerunt,
973 982 1064 1068 quod
1088 983 1200 1070 ipsum
1220 995 1275 1050 ta-
1302 1009 1305 1014 ·
1343 1024 1346 1028 ·

210 1091 291 1136 rnen
319 1070 447 1133 videtur
473 1068 572 1132 etiam
598 1069 760 1166 scriptum
786 1089 857 1131 esse
884 1089 1027 1146 amanus,
1052 1071 1298 1156 quemadmo-·
1384 1089 1394 1102 ·

212 1155 292 1218 dum
308 1176 423 1222 sumus
444 1164 477 1219 et
490 1175 640 1221 summus
655 1153 690 1219 ui
705 1161 769 1216 'usu
784 1164 864 1221 erat.
908 1154 958 1218 Ne
974 1154 1076 1245 igitur
1090 1177 1167 1220 cum
1181 1158 1275 1222 Heu·
1361 1169 1363 1174 ’

210 1249 336 1310 manlio
360 1243 513 1309 vitiosam
542 1239 849 1328 pronuntiationem
873 1239 1175 1329 reprehendamus,
1196 1243 1274 1316 ,ad-

210 1337 351 1414 monent
364 1346 430 1392 ‘nos
448 1326 609 1392 vocabula
625 1327 763 1405 littera,
782 1347 957 1406 nummus,
981 1323 1082 1416 alin(

242 1521 245 1526 .
295 1469 365 1532 Hac
395 1469 448 1552 via
471 1466 511 1531 ad
545 1445 779 1547 eirplicandam
810 1467 1009 1552 particulam
1047 1467 1272 1554 pervenimus.

197 1554 298 1619 'Nam
314 1555 439 1632 immo,
462 1553 552 1640 quod
571 1574 612 1615 ex
629 1551 771 1616 ablativo
788 1553 936 1617 adiectivi
955 1554 1079 1617 immas
1100 1565 1274 1642 sumptum
1307 1609 1310 1620 .

215 1651 281 1718 est,
313 1641 453 1726 proprie
480 1637 640 1724 significat
665 1639 869 1702 contrarium
896 1639 983 1726 parti
1007 1639 1183 1728 superiori.
1234 1639 1273 1704 ld

138 1749 141 1763 ·
211 1749 292 1791 vero
315 1724 490 1789 adhibetur
514 1724 554 1788 ad
568 1724 814 1810 ‘designandum
837 1727 1177 1813 contra1·ium,lquod
1199 1748 1286 1800 non,

213 1822 263 1877 est
297 1813 516 1898 conspicuum
550 1809 585 1874 in
620 1808 816 1896 superficie,
846 1810 903 1875 sed
930 1811 966 1876 in
999 1812 1133 1876 adversa
1164 1807 1271 1900 parte.
1333 1823 1336 1830 '
1426 1857 1427 1872 ,

213 1901 325 1980 Quare
350 1898 552 1985 explicemus
581 1896 682 1961 verbo
706 1893 1012 1982 umgclaelart',1hoc
1038 1908 1086 1962 cst
1111 1920 1272 1964 conversa

211 1989 312 2050 altera
329 1995 443 2070 parte,
466 2003 548 2068 quae
571 1991 643 2046 non
670 1991 717 2046 est
738 1982 774 2046 in
799 1993 927 2070 aperto.
979 1983 1050 2046 Hoc
1072 1985 1272 2049 transfertur

123 2136 126 2141 .
154 2129 158 2136 .
193 2072 243 2138 1in
264 2071 392 2140 varium
411 2091 509 2136 usum
531 2069 627 2138 unius
645 2068 800 2148 rationis,
822 2090 888 2154 qua
904 2069 940 2132 in
959 2067 1070 2138 locum
1091 2071 1271 2136 sententiae

210 2157 250 2239 ab
268 2156 371 2223 altero
390 2155 582 2242 propositae
603 2153 701 2218 aliam
724 2154 941 2236 seutentiam,
966 2176 1050 2242 quae
1074 2179 1149 2221 rem
1171 2179 1271 2226 accu-

208 2243 311 2309 ratius
341 2241 511 2322 definiat„
531 2251 587 2326 aut
609 2240 739 2327 gravius
769 2250 939 2326 opponat,
974 2251 1031 2306 aut
1063 2245 1270 2308 contrarium

194 2328 376 2410 affirmet,
403 2326 531 2392 reiectis
562 2325 731 2414 prioribus
763 2325 1004 2396 substituimus.
1079 2339 1112 2392 ta
1143 2327 1271 2408 fit‚,ut

102 2462 104 2466 ,
202 2411 370 2504 'particula
393 2408 501 2479 ¹modo
527 2410 689 2498 significet
713 2433 732 2475 c
756 2412 952 2496 contrariu,
973 2413 1023 2478 im
1087 2416 1270 2502 cgcntlreil,

121 2559 124 2566 .
208 2500 314 2569 modo
329 2500 410 2589 quin
422 2500 557 2586 potius,
579 2497 751 2563 uiclmeltr.
951 2523 954 2534 ¹
984 2499 994 2518 ²

322 2622 364 2672 Ex
386 2619 448 2686 liis,
466 2636 539 2687 quse
563 2617 637 2683 dixi,
669 2617 753 2670 facile
768 2616 953 2689 intelligitur,
978 2637 1033 2690 qno
1052 2639 1148 2675 errore
1170 2639 1269 2692 gram

224 2701 228 2714 '
277 2705 373 2759 matici
400 2711 506 2757 tentum
528 2720 582 2756 non
605 2719 699 2755 omnes
720 2693 929 2771 praeceperint,
963 2706 1042 2759 immo
1064 2708 1171 2762 habere
1193 2709 1270 2762 sitir-

280 2789 374 2844 mandi
392 2791 438 2862 vel
453 2787 633 2842 confirmandi
649 2793 816 2855 potestatem
832 2793 860 2841 et
877 2787 1033 2857 significare
1042 2795 1085 2859 jo.
1121 2793 1270 2847 Schritzine

276 2893 304 2944 p.
319 2873 380 2942 210.
397 2873 489 2926 docuit
504 2875 581 2926 immo
595 2889 650 2925 non
665 2871 830 2945 simpliciter
846 2874 1006 2943 ellirmnrc,
1023 2877 1065 2930 uti
1080 2879 1133 2945 ju,
1154 2878 1203 2939 sed
1224 2896 1268 2932 sc-

256 2959 370 3012 ucrins
395 2973 444 3026 pro
462 2962 595 3028 profecto,
616 2961 650 3026 ju
667 2961 844 3028 wabrlzustig.
862 2961 867 2972 “
885 2959 942 3012 Alii
964 2969 1055 3016 autem
1078 2951 1270 3030 explicuerunt

279 3044 368 3096 verbo
382 3043 460 3121 acin:
479 3042 684 3112 prudentiores,
701 3044 730 3096 in
754 3043 854 3113 quibus
868 3046 1013 3113 Zumptius
1028 3051 1085 3112 est,
1105 3047 1269 3103 addiderunt

234 3130 239 3144 “
278 3127 478 3194 conditionem,
494 3128 583 3182 maius
599 3129 665 3196 quid
681 3131 736 3182 hoo
750 3128 897 3200 negatione
917 3131 1054 3185 substitui.
1089 3132 1192 3186 Verum
1214 3137 1292 3190 ali-¹
1319 3155 1322 3170 ⁴

276 3229 331 3284 qno
345 3215 427 3268 modo
446 3215 563 3268 sensisse
576 3213 690 3295 videtur
698 3213 850 3268 Doolcltins
864 3213 893 3267 in
908 3215 1061 3294 Grammat.
1077 3235 1105 3287 p.
1120 3215 1182 3271 155.

292 3372 322 3433 1.
347 3354 525 3432 Videamus
540 3391 629 3434 nunc
648 3366 796 3454 singulas
819 3368 958 3451 rationis
982 3368 1081 3436 vices.
1123 3372 1170 3436 Ac
1194 3375 1266 3462 pri-

154 3531 166 3541 .
197 3475 303 3527 xmum
332 3455 513 3539 respondet
537 3478 598 3543 per
622 3456 707 3519 banc
730 3453 927 3540 particulam
952 3453 996 3531 is,
1033 3457 1090 3542 qui
1121 3458 1266 3523 interro-

208 3543 301 3628 ganti
334 3540 429 3606 alteri
467 3563 604 3628 prorsus
640 3539 843 3604 contrarium
865 3539 1074 3614 ,affirmando
1108 3549 1265 3632 opponit,

207 3629 400 3714 praesertim
417 3626 473 3692 ubi
490 3629 538 3709 is,
561 3628 617 3714 qui
635 3628 836 3713 interrogat,
861 3625 1020 3692 dubitavit
1039 3628 1142 3710 dere,
1164 3653 1265 3717 quam

208 3712 291 3776 ulter
315 3733 357 3776 ex
379 3713 513 3778 adversa
540 3724 636 3798 parte
659 3711 847 3777 confirmat.
903 3711 996 3778 Tum
1017 3714 1186 3780 reddimus
1217 3718 1267 3782 im

134 3867 137 3875 ¹
171 3849 175 3858 .
211 3780 435 3884 Cogerttbcil,
458 3801 507 3862 uu
522 3797 708 3863 contraire.
756 3797 882 3863 Eadem
910 3809 960 3863 cst
981 3800 1085 3876 ratio,
1111 3803 1167 3867 nbi
1192 3804 1266 3890 quis

209 3886 407 3983 opinionem
431 3883 647 3950 coniectando
678 3881 853 3974 anticipat,
876 3883 977 3950 etium
1001 3898 1097 3952 extra
1117 3887 1266 3956 interro·

206 3980 386 4064 gationem.

307 4091 400 4143 Plant.
416 4087 498 4158 Epid.
516 4087 543 4154 5,
559 4087 630 4154 2,.1.
647 4089 724 4143 antin’
741 4088 787 4143 illc
807 4091 850 4144 laia
871 4092 948 4145 bomo
966 4091 1077 4146 ludibrio
1098 4109 1147 4148 aros
1168 4095 1266 4150 vetulos

275 4175 417 4246 decrepitos
436 4175 500 4229 duos
522 4175 621 4231 lactet?
655 4191 702 4229 sn.
736 4155 817 4230 larcio
843 4177 934 4248 edepol
951 4183 982 4232 tu
1010 4180 1114 4248 quidem
1141 4180 1265 4235 miserum
