2856 4722
274 342 856 463 ',·1N'ren.‘‹
1083 369 1150 433 en
1265 449 1268 456 ,

91 565 94 576 ,
166 517 200 585 4,
215 517 259 573 5⁰.
282 516 399 572 iurentur
414 517 526 572 Turtam
546 519 612 572 inter
631 525 659 574 et
674 517 791 572 unnim
805 515 1008 573 dirtraitebntur.
1031 517 1092 587 12,
1105 521 1151 575 a
1215 531 1217 536 '

169 605 264 660 netz...
281 601 348 656 nte.
361 609 387 656 n
399 619 493 673 pn...
506 587 679 658 antem
707 602 780 657 nne
795 600 877 667 e‚1o.
895 602 924 654 n.
937 603 1041 658 enan.
1054 607 1153 660 n...-

85 757 87 766 .
168 690 198 745 di
213 697 241 743 et
255 689 286 742 ot
298 689 401 741 crebrae
412 687 557 759 principum
568 690 723 742 mutationes
732 689 802 741 'inter
814 688 961 742 libertarent
976 701 1008 742 an
1021 685 1152 746 tunnin-

167 775 267 828 ineerta
281 790 384 843 pnwae
402 790 500 842 qunque
518 789 560 825 rer
577 775 685 846 magnit
705 773 818 826 motitur
840 774 998 843 agebantur.
1031 772 1108 829 carn
1123 773 1152 840 1,
1197 769 1199 776 ‘

168 860 195 926 1,
210 857 254 912 33.
270 875 361 928 nnoepe
373 857 440 910 enine
457 858 551 911 eumen
565 865 604 912 ert
619 859 685 913 inter
699 858 854 922 retinentem
866 864 892 911 et
906 857 1059 928 exigentem.
1158 920 1163 932 ι

184 1012 238 1076 28.
261 1007 462 1074 Pronomina
487 1009 675 1096 personalia
707 1031 784 1075 eum
817 1007 880 1074 hae
909 1012 1154 1100 praepositione
1192 997 1196 1008 ’

95 1092 231 1177 iuncta,
254 1095 346 1160 inter
362 1093 443 1170 nne,
472 1094 563 1160 inter
590 1117 664 1186 nee,
685 1096 777 1160 inter
797 1118 852 1175 ee,
874 1096 1039 1176 actionem
1064 1098 1156 1162 indi·

102 1191 180 1245 ennt
196 1179 385 1244 conclusam
410 1190 508 1266 atque
531 1179 571 1243 nd
594 1179 678 1244 duos
701 1180 1008 1257 tantumhomines
1034 1184 1155 1249 duasve

100 1285 157 1330 ree
181 1266 404 1354 pertinentem
426 1265 489 1340 ite,
518 1274 555 1328 ut
577 1278 692 1332 mutua
715 1267 758 1333 sit
777 1277 809 1329 et
831 1265 871 1330 ab
896 1277 1034 1355 utreque
1059 1280 1154 1357 parte

99 1362 203 1438 genta.
251 1350 292 1416 ld
317 1351 434 1434 Graeci
459 1349 563 1417 verbo
590 1347 744 1434 ἀλλήλοις,
769 1347 916 1434 ἀλλήλους
948 1357 1154 1442 exprimunt,

99 1457 164 1502 non
200 1458 279 1502 vero
310 1435 445 1501 Latinos
475 1437 642 1502 imitanter
671 1450 771 1504 nnter
801 1437 981 1504 einander.
1048 1440 1155 1528 Saepe

100 1523 198 1587 etiem
216 1521 396 1587 hoomodo
414 1523 605 1587 communio
625 1522 672 1588 rei
690 1519 1169 1613 ngendnesimpliciter'eigni-'

100 1606 233 1672 ficeture
266 1625 373 1693 saepex
389 1618 608 1708 opponuntur
632 1609 672 1687 ii,
694 1608 751 1694 qui
777 1620 881 1674 extra.
926 1610 1030 1684 Latini
1054 1613 1155 1697 igitur

101 1703 227 1760 veteres
246 1691 395 1758 dicebant
415 1705 535 1758 temere
553 1693 644 1793 intpr
667 1717 720 1774 ee,
740 1691 831 1780 q'uod
851 1693 940 1782 npud
960 1697 1155 1784 posterioris

99 1780 170 1843 nevi
199 1780 262 1844 seri
290 1789 378 1842 tores
405 1779 550 1845 inuicem
580 1790 701 1845 temere
734 1777 935 1858 nudiebntur.
954 1783 956 1790 ⁴
978 1781 1050 1847 vide
1077 1786 1156 1847 Ant.

100 1864 223 1930 Sehori
239 1802 352 1930 Pssrns.
370 1864 424 1930 let.
441 1867 521 1952 ling.
543 1887 577 1950 p.
593 1865 669 1929 440.
714 1865 930 1931 Grammatiei
946 1877 1075 1950 autem,
1097 1872 1156 1956 qui

32 1953 35 1962 '
100 1951 258 2031 tradunt,
277 1951 312 2014 in
328 1949 379 2014 his
402 1951 512 2036 omitti
537 1949 624 2013 aliud
646 1971 854 2038 pronomen,
876 1961 909 2014 et
932 1952 1023 2016 inter
1044 1977 1081 2017 ee
1105 1954 1155 2018 n·-

99 2059 194 2102 mere
229 2036 309 2124 poni
337 2057 401 2122 pro
433 2059 469 2100 ae
499 2033 589 2099 inter
618 2057 654 2100 ee
687 2035 825 2128 timere,
855 2035 1069 2101 vehementer
1100 2061 1155 2102 er·

98 2131 188 2187 rant.
232 2119 396 2185 Oehsneri
419 2120 500 2186 Eclo
525 2165 534 2184 .
560 2119 628 2185 Cic.
651 2143 684 2208 p.
701 2125 776 2186 237.
802 2125 909 2201 (190.)
939 2120 1090 2186 Bremius
1114 2123 1156 2191 ad

102 2206 240 2272 Goruel.
262 2207 363 2270 Dion.
388 2207 419 2282 4,
440 2212 467 2270 1.
522 2227 653 2270 oerenn.
678 2206 718 2270 nd
744 2206 811 2270 Cic.
834 2205 874 2271 de
889 2204 968 2288 uin.
987 2213 1018 2285 3,
1034 2213 1088 2286 20,
1104 2213 1172 2291 66..
1229 2195 1231 2204 ¹
1276 2211 1281 2221 ’

100 2295 237 2380 Zumpt.
253 2292 286 2355 in
305 2293 489 2357 Gremmat.
508 2295 627 2356 n.800.
648 2301 772 2392 etpost
788 2314 843 2356 eos
859 2292 956 2357 multi
973 2293 1038 2358 aliie
1085 2293 1158 2358 Ta·
1257 2319 1260 2326 “

97 2401 177 2464 men
194 2381 266 2466 ipse
276 2377 446 2442 Ernestius
459 2375 544 2442 hane
561 2387 757 2446 sententiam
775 2378 947 2525 amplexus
963 2378 1067 2444 ent'ad
1086 2381 1156 2445 Cic.

101 2465 144 2530 de
160 2464 267 2529 Amin.
283 2469 336 2545 22,
357 2459 410 2534 82.
455 2463 535 2529 'Prie
555 2485 676 2551 genera
700 2463 797 2527 huius
848 2465 977 2542 ictionin
1001 2475 1079 2528 sunt
1103 2465 1157 2530 di·
1262 2469 1265 2476 ’

71 2543 74 2561 '
91 2549 311 2636 'stinguendn
355 2549 505 2613 Primam
521 2551 609 2614 enim
624 2549 731 2613 Latini
748 2559 895 2613 mutuom
916 2551 1078 2615 actionem
1095 2573 1157 2615 ex·-

102 2633 258 2726 primunt
274 2634 382 2700 verbis
399 2636 491 2700 inter
508 2658 589 2715 noe,
614 2636 706 2702 inter
728 2658 783 2699 ee:
801 2634 902 2701 veluti
921 2648 1043 2702 amant
1066 2638 1159 2701 inter

105 2746 144 2787 ne
168 2723 191 2787 i.
208 2743 236 2786 e.
256 2721 338 2786 alter
364 2720 517 2785 alterum.
567 2720 683 2810 Neque
706 2720 832 2787 diversa
855 2731 952 2797 sunt,
978 2723 1013 2812 in
1038 2723 1158 2810 quihus

101 2807 289 2898 pleonasmi
303 2806 407 2870 inetur
422 2809 595 2893 utriusque
612 2807 715 2895 partis
731 2829 856 2874 nomen
874 2811 1073 2897 npponiturz
1094 2830 1157 2872 nae

103 2896 197 2959 inter
220 2895 284 2960 noo
306 2888 476 2979 complexi
502 2915 623 2956 eumue¹
670 2893 739 2965 Nee
762 2915 819 2976 ea,
840 2895 874 2957 in
899 2894 1018 2978 quibus
1043 2915 1158 2982 oppo-

104 2979 235 3045 nuntur
258 2979 354 3042 'extre
403 2979 504 3052 osita‚
527 2977 626 3042 veluti
649 2977 741 3042 inter
766 3001 801 3042 re
824 2978 954 3044 similer
976 2981 1063 3067 apud
1089 2979 1158 3044 Cic.

103 3064 204 3131 Aend.
222 3069 253 3142 2,
278 2999 400 3136 πῶς
425 3061 516 3149 quod
540 3075 609 3143 est,
629 3063 717 3128 inter
739 3060 774 3128 ee
797 3063 989 3153 comparati.
1032 3065 1159 3130 Deinde
1188 3067 1192 3082 ‘

102 3151 205 3217 verba
229 3147 292 3214 eibi
307 3169 495 3235 pronomen
513 3150 557 3214 ite
581 3146 780 3238 adiungunt,
798 3158 837 3214 ¹ut
854 3169 919 3214 une
931 3149 1074 3215 'exsistat
1094 3173 1159 3214 no-

101 3239 174 3316 tio,
205 3256 289 3321 quae
315 3235 414 3300 etiem
438 3235 482 3299 ed*
503 3257 578 3300 rem
602 3245 695 3300 extra
719 3233 864 3322 positum
894 3235 1000 3323 possit
1027 3235 1186 3316 referris,

103 3318 388 3411 quemadmodurp
415 3319 449 3384 in
476 3321 584 3385 verbis
607 3343 662 3387 ren
682 3321 772 3385 inter
793 3343 829 3384 se
852 3321 1017 3386 conciliat
1042 3321 1159 3392 referi·

102 3427 181 3473 mus
200 3405 291 3471 inter
307 3427 343 3470 ee
358 3421 428 3470 non
450 3406 491 3470 nd
509 3426 605 3483 eum,
629 3405 685 3492 qui
703 3405 867 3470 conciliet.
909 3401 1060 3494 Denique
1076 3427 1156 3472 vero

104 3493 216 3558 Latini
232 3500 268 3556 ut
286 3489 397 3555 dieunt
413 3492 567 3556 novimus
580 3511 653 3572 non,
672 3491 763 3578 quod
781 3504 831 3555 est
845 3491 924 3556 noui
939 3504 974 3558 te
990 3505 1023 3559 et
1039 3505 1077 3558 tu
1094 3515 1160 3558 no·

105 3577 187 3644 vieti
205 3599 276 3654 me,
298 3576 466 3641 sinetiam
491 3577 643 3642 nouimus
666 3597 727 3641 noe
752 3577 843 3642 inter
874 3599 956 3646 nae.-
987 3599 1158 3664 nunquam
1231 3605 1233 3612 >

89 3674 216 3740 ,tamen
234 3675 464 3739 noverimne,
486 3662 549 3728 nisi
567 3662 754 3747 intelligunt
769 3663 948 3727 noviense
968 3663 1076 3751 ipson,
1095 3684 1158 3725 ne-

107 3770 172 3836 que
190 3749 288 3813 etiam
310 3759 473 3813 nonerunt
498 3771 535 3814 ne
561 3748 719 3815 interne.
763 3749 849 3812 Nam
873 3747 929 3833 qui
954 3749 1159 3812 Graecorum

68 3835 70 3840 ’
106 3833 397 3912 consuetudinem,
420 3855 482 3921 qua
499 3836 617 3900 ἑαυτῶν
632 3855 696 3922 pro
719 3829 855 3914 ἀλλήλων
873 3833 1057 3921 ponebatur
1075 3831 1157 3914 (rid.

105 3919 265 3986 Matthiae
281 3920 395 3984 Gram.
421 3942 453 4008 p.
471 3924 580 4002 92⁰0,
602 3921 748 3985 imitatus
770 3919 887 3997 interit,
910 3919 1076 3984 neminem
1095 3919 1158 3982 bo-

106 4027 231 4074 norum
251 4007 452 4090 scriptorum
478 4005 631 4090 cognovi.
672 4007 827 4069 Ceterum
852 4005 943 4069 inter
964 4027 1045 4082 noe,
1066 4004 1158 4069 inter

16 4117 28 4138 .
105 4113 142 4156 ee
163 4112 234 4156 non
260 4099 390 4162 tantum
415 4111 491 4155 eum
515 4091 622 4156 verbis
674 4091 784 4154 assivie
810 4100 1080 4176 componuntur,
1101 4089 1158 4154 sed

105 4177 298 4246 etiamnum
318 4175 430 4243 activis
452 4187 492 4250 et¹
507 4197 585 4242 eum
610 4113 822 4244 suistanuvis
845 4173 1038 4246 nominibus
1063 4176 1159 4260 attri-
