2856 4722
150 314 151 323 ‘
238 352 376 452 '42⁰‘
568 383 578 408 f
686 313 886 414 iuream
986 428 987 436 Ν

175 541 178 550 2
266 508 380 570 iectac.
433 499 773 580 Quare,redeundum
796 495 890 566 nobis
920 511 969 566 est
993 500 1041 584 ad,
1063 502 1208 565 certiora
1232 499 1326 564 indi-

162 635 169 661 :
268 594 328 656 eia.
379 587 483 653 Facile
507 585 1112 686 enim‘'agnoscemus-cognationem
1143 586 1325 650 vocabulo·-

235 685 241 698 “
267 699 343 741 rum
359 676 408 738 im
424 684 455 737 et
471 692 748 758 pronomrnrsss,
772 670 976 758 qaratactam
993 682 1040 736 est
1067 684 1102 735 ut
1125 673 1264 736 interim
1286 674 1327 738 in

170 791 173 800 ²
269 765 376 828 vicem
395 759 485 826 verbi
509 757 645 822 interea
668 757 876 822 succederet:
891 765 1007 844 ¹neque
1032 760 1137 822 etiam
1153 779 1326 845 repugna-

267 848 397 922 bimus,
421 845 449 908 si
468 843 540 931 quis
557 842 638 907 inde
656 855 688 907 et
708 845 756 909 im
774 865 971 931 comparans
995 843 1035 906 ad
1059 842 1206 906 formam
1230 844 1326 908 loca·
1354 857 1355 860 ’

175 926 178 933 ’
266 935 367 997 tivum
385 932 473 994 inos
488 930 706 1008 revocaverit,
728 951 789 994 nec
804 930 830 992 si
847 931 928 998 alius
945 930 1017 1015 quis
1041 930 1079 992 ad
1098 931 1323 992 accusativum

215 1015 222 1021 ’
266 1017 468 1106 respexerit,
499 1014 601 1079 modo
630 1035 673 1079 ne
708 1025 934 1079 accusativum·
964 1015 1161 1101 appellarit·
1208 1015 1324 1078 Vnum

258 1103 336 1168 'hoc
360 1114 529 1184 teneamus
559 1101 608 1164 im
632 1102 665 1165 ia
689 1100 790 1165 verbo
814 1101 953 1165 interim
983 1102 1230 1164 monstrativum
1255 1101 1324 1163 vim

269 1188 403 1267 habere,
426 1208 510 1271 quae
528 1187 642 1250 eadem
659 1187 693 1250 in
712 1187 912 1272 pronomine
931 1195 1078 1274 apparet,
1100 1195 1132 1248 et
1148 1185 1325 1249 inter-im

50 1273 53 1280 '
96 1345 98 1348 ¹
166 1319 168 1326 -
267 1274 351 1355 diei,
374 1271 464 1360 quod
482 1271 755 1336 aliasinter÷eu.

368 1390 525 1444 Permirum
548 1391 678 1457 estquod
694 1391 874 1444 Doederlinus
894 1390 1004 1459 scripsit
1024 1390 1053 1442 iu
1076 1376 1225 1460 S'ynonym.
1245 1388 1280 1440 Τ.
1295 1387 1323 1441 4.

335 1493 363 1543 p.
378 1474 440 1527 tta.
458 1492 510 1527 nee
527 1477 657 1528 Plautum
678 1493 730 1528 aec
752 1476 823 1528 elios
839 1462 1006 1542 antiquiores
1028 1475 1176 1542 scriptores
1191 1491 1322 1542 umquam

334 1559 434 1612 dixisse
453 1561 574 1622 interim,
595 1566 626 1612 ut
644 1559 813 1628 significaret
828 1561 961 1624 indessen,
983 1559 1031 1611 sed
1046 1560 1171 1622 interibi,
1188 1565 1271 1627 atque
1287 1575 1321 1612 ex

334 1646 388 1696 hoc
404 1645 539 1696 vocabulo
556 1659 641 1696 auree
654 1645 764 1697 demam
786 1649 877 1697 estete
900 1661 950 1711 per
972 1659 1113 1712 apocopen
1133 1644 1238 1696 leolum
1260 1632 1321 1697 esis
1381 1637 1386 1644 ’

334 1729 450 1782 interim.
494 1727 601 1780 Tamen
625 1728 717 1795 paullo
740 1734 801 1795 post
827 1734 922 1781 uenat
942 1730 1084 1797 cognitum
1104 1728 1193 1781 luisse
1215 1730 1318 1783 Plauto

275 1856 277 1860 ,
335 1811 390 1864 boe
402 1811 588 1877 vocabulum,
608 1810 763 1882 significem
777 1814 915 1864 interdum.
1002 1855 1008 1860 ,

352 1947 675 2035 Etiamsignilieatio
703 1949 859 2012 cum‘his
884 1947 1044 2036 congruit.
1087 1947 1232 2012 Interim
1255 1969 1319 2035 pro

271 2032 405 2100 interea
430 2046 624 2120 usurpatur:
649 2046 682 2098 et
702 2035 942 2115 Quintilianus,
964 2033 994 2096 si
1018 2033 1198 2098 Bonucllus
1219 2056 1320 2098 accu-

266 2129 338 2182 rate
354 2119 421 2182 cius
437 2120 534 2182 verba
559 2121 703 2200 notavit,
727 2142 907 2206 numquam
933 2120 1085 2194 interca,
1107 2119 1162 2188 sed
1184 2141 1319 2206 semper

175 2229 178 2240 ¹
267 2203 405 2268 interim
422 2204 515 2268 dixit.
549 2206 647 2268 Vetus
665 2216 774 2268 autem
792 2207 916 2292 opinis,
935 2204 1135 2268 nuncetiam
1156 2229 1172 2268 a
1190 2205 1319 2291 Grysa-

265 2309 308 2352 ro
332 2289 366 2352 in
391 2289 550 2354 Doctrina
578 2291 644 2354 stili
672 2314 706 2378 p.
731 2293 804 2356 534.
835 2291 1027 2380 proposita,
1059 2311 1121 2374 qua
1153 2289 1336 2369 statuitur,

267 2372 407 2438 interim
424 2375 588 2454 adrsolutc,
612 2377 744 2441 interea
763 2398 840 2440 eum
856 2375 1143 2441 coniunctionibus
1167 2375 1247 2463 poni
1260 2397 1317 2439 so·

267 2458 354 2540 lere,
379 2460 460 2525 falsa
478 2471 525 2525 est
544 2471 576 2524 et
599 2461 723 2544 inanis,
747 2485 883 2548 neque,
897 2483 963 2548 quo
983 2471 1151 2524 casu‘orta
1171 2461 1231 2537 sit,
1253 2483 1318 2548 pa-

266 2553 324 2608 tet.
373 2547 523 2610 Fortasse
551 2546 769 2611 observarunt
794 2549 989 2612 Ciceronem
1020 2568 1086 2609 non
1113 2546 1234 2610 dixisse
1257 2547 1317 2610 in·
1357 2563 1361 2574 ·

266 2630 367 2694 terim
396 2631 489 2695 darm.
533 2631 597 2694 Alii
623 2654 893 2719 synonymorum
922 2633 1074 2708 doctores
1099 2624 1167 2695 nori
1192 2630 1317 2718 proba-

146 2724 149 2732 ‘
200 2737 211 2774 ,·
267 2713 617 2779 bilioratradiderunt.
659 2717 833 2782 Noltenius
859 2740 890 2805 p.
910 2723 1002 2782 1030.
1021 2717 1132 2782 neseio
1159 2739 1226 2802 quo
1252 2740 1315 2783 au-

266 2809 358 2864 ctore
375 2800 473 2864 haec:
497 2800 662 2878 „interea-
680 2803 748 2870 i.,c.
773 2804 861 2880 inter
884 2802 949 2867 hoc
971 2813 1037 2866 tem
1065 2825 1122 2885 us,
1149 2812 1222 2866 toto
1246 2802 1313 2867 hoc

264 2887 427 2970 temporis
450 2886 575 2972 spatio,
603 2889 815 2974 aprincipio·
836 2909 939 2974 usque
966 2887 1006 2953 ad
1055 2910 1150 2953 nem:
1173 2889 1314 2953 interim

265 2970 288 3038 i.
306 2992 334 3034 e.
351 2973 436 3036 int-ra
453 2971 518 3036 boc
534 2982 682 3058 tempus,
710 2986 886 3061 autequam
903 2973 1043 3038 liniatur.
1087 2974 1236 3039 Absurde
1257 2972 1311 3038 di·

266 3067 414 3121 ceretur:
441 3057 615 3142 panditur
637 3059 776 3123 interim
798 3060 939 3138 danius,
973 3060 1110 3122 notione
1138 3060 1217 3138 illa,
1247 3081 1311 3144 qua

61 3144 64 3149 ’
149 3137 170 3166 ²·
264 3141 420 3226 Virgilius
437 3143 469 3206 id
487 3143 617 3228 profert
635 3144 727 3230 (Aen.
748 3149 796 3222 10,
815 3152 843 3208 1.
856 3144 1174 3230 panditurinteren
1191 3145 1311 3208 domus

264 3229 505 3313 omnipotentis
536 3227 702 3316 Olympi).
746 3231 905 3314 Similiter
928 3229 1065 3294 absurde
1088 3229 1221 3296 interea
1243 3231 1311 3294 ati-

262 3309 442 3398 quidfit.“
486 3316 638 3379 Attamen
654 3314 829 3379 Terentius
846 3314 940 3379 italo
967 3325 1063 3380 uutns
1093 3325 1141 3378 est
1161 3315 1262 3379 Andr.
1278 3321 1308 3396 2,

264 3404 293 3470 1,
313 3400 363 3461 14.
385 3399 603 3464 Doederlinus
615 3423 648 3488 p.
666 3405 740 3465 271.
762 3401 934 3488 distinguit
943 3338 1015 3465 lios
1031 3401 1134 3464 modo
1144 3427 1156 3463 ι.
1175 3401 1307 3465 interea

261 3481 323 3546 dici
340 3485 379 3547 de
394 3507 431 3548 re
446 3484 582 3571 longum
602 3509 662 3572 per
683 3497 815 3573 tempus
841 3497 1028 3573 protracta,
1049 3486 1188 3550 interim
1210 3487 1251 3558 de
1272 3508 1307 3551 re

190 3627 191 3638 ,
258 3569 324 3634 cito
342 3581 550 3635 transeunte:
575 3573 655 3635 illud
673 3572 856 3666 significare
877 3571 1037 3658 temporis
1060 3571 1221 3657 spatium,
1242 3571 1305 3635 hoc

151 3657 155 3662 '
252 3658 419 3742 ,temporis
442 3667 619 3750 punctum.
670 3657 764 3737 Quae
786 3679 889 3745 quum
913 3679 982 3721 non
1011 3656 1075 3720 alio
1102 3657 1302 3721 documento

255 3737 449 3817 firmentur,
468 3763 571 3827 'quam
591 3743 818 3812 observatione
837 3745 1090 3831 exemplorum,
1121 3744 1302 3808 cavendum

255 3835 322 3904 est,
357 3849 399 3890 ne
422 3827 592 3913 praecipiti
616 3828 748 3893 decreto
774 3829 940 3894 fallamur.
991 3827 1080 3891 Nulli
1104 3830 1190 3892 enim
1224 3850 1301 3892 aevo

253 3931 314 3974 nec
333 3909 509 3997 antiquiori
526 3933 586 3976 nec
601 3915 781 4001 posteriori
802 3916 920 3979 desunt
940 3911 1109 3999 exempla,
1129 3915 1164 3977 in
1185 3913 1323 4001 quibus'

250 3993 390 4059 interim
412 3997 453 4062 de
477 4000 633 4063 continua
659 4000 787 4065 actione
810 4014 842 4066 et
865 4000 906 4063 de
932 4021 968 4064 re
994 4021 1064 4062 non
1089 4000 1192 4064 semel
1217 3999 1299 4064 inci-

250 4079 347 4144 dente
364 4083 489 4148 dietum
508 4083 559 4149 sit.
601 4084 673 4148 Nos
692 4083 758 4172 ipsi
781 4084 911 4150 allaturi
933 4105 1046 4148 sumus
1070 4105 1089 4148 e
1111 4085 1216 4149 Plauti
1240 4107 1299 4148 co-

247 4167 405 4236 moediis:
428 4169 511 4233 dum
526 4170 697 4256 coquitur,
722 4171 862 4238 interim
871 4167 1091 4258 potabimus.-
1112 4192 1130 4234 e
1152 4167 1236 4236 Livii
1256 4169 1299 4238 li-
