2902 4718
278 345 339 408 nt
749 331 841 402 lAlt
865 430 868 435 .

274 492 471 584 exprimant.
516 489 571 554 Est
588 487 687 576 igitur
702 485 736 551 in
751 485 959 569 verbis‘tam,
980 487 1064 570 iam,
1086 484 1320 576 qnam‘eadem

274 585 375 660 ratio,
397 599 480 666 quae
510 577 597 640 inter
622 572 821 660 pronomina
847 570 1104 639 demonstrativa
1127 583 1159 638 et
1185 571 1320 641 relativa
1375 615 1380 631 .

273 667 453 735 intercedit.
502 663 571 728 Nec
605 657 810 722 haerebimus
846 667 921 721 cunt
950 659 1177 725 Lindemanno
1208 657 1243 723 in
1267 677 1320 736 eo,

273 753 366 842 quod
397 753 471 816 iam
508 745 705 812 definitivam
738 751 771 806 et
799 741 1090 810 demonstrativam
1121 751 1320 830 potestatem
1351 737 1353 745 ’

236 879 253 892 «κ
272 841 392 906 habere
412 836 568 901 rideatur.
610 828 738 893 Scilicet
754 847 822 890 non
839 850 881 892 ex
899 829 1076 896 indefinitis
1094 829 1238 916 partibus
1255 825 1320 892 iet

272 949 332 992 um
348 923 525 990 conflatum
543 925 601 992 est,
623 923 660 976 nt
675 911 730 977 ille
750 913 957 978 existimavit.
1000 918 1104 981 Verae
1117 911 1229 979 autem
1241 911 1319 1000 ¹ori·
1435 939 1436 960 ι

272 1012 357 1100 ginis
378 1007 507 1094 vestigia
524 1004 589 1067 iam
605 998 776 1064 Martinius
793 1010 1006 1086 cognoverat,
1022 1022 1125 1087 quum
1141 1001 1174 1063 in
1194 998 1317 1062 Lexieo

271 1122 307 1187 p.
329 1105 359 1162 2.
398 1096 471 1158 ium
495 1093 710 1171 componeret
740 1106 815 1148 cum
846 1087 1117 1172 prenominata,
1150 1093 1183 1149 et
1207 1082 1319 1146 exim
1435 1091 1436 1110 ¹

273 1193 387 1248 ortrrnr
412 1199 479 1244 esse
512 1174 644 1235 diceret.
685 1169 815 1255 Reliqui
839 1173 1045 1255 grammatici
1068 1170 1149 1236 olim
1174 1167 1319 1234 radicem
1435 1165 1436 1186 ²

272 1272 307 1335 in
333 1265 486 1330 hebraico
509 1257 645 1322 nomine
669 1253 733 1318 diei
756 1256 958 1340 quaesivere,
980 1277 1069 1321 nunc
1092 1255 1128 1319 in
1150 1250 1320 1320 senseriti-

272 1375 328 1418 cae
353 1352 480 1434 linguae
501 1341 688 1431 primordiis
713 1339 881 1426 indagasse
907 1341 969 1404 sibi
991 1343 1052 1406 visi
1074 1349 1162 1404 sunt.
1211 1337 1318 1402 Nobis

271 1435 349 1504 satis
366 1435 428 1498 erit
449 1430 597 1517 germina
615 1425 733 1490 latinae
748 1425 862 1510 stirpis
878 1425 1081 1509 cognovisse·

331 1520 435 1584 ..Iam
454 1516 554 1604 igitur
569 1533 636 1576 non
652 1521 784 1594 tempus
801 1511 934 1596 proprie
948 1509 1128 1596 significat,
1148 1530 1209 1573 nec
1228 1515 1316 1576 tem-

269 1627 333 1697 pus
349 1625 519 1694 praesens.
544 1596 635 1684 quod
656 1602 789 1658 notatur
807 1593 967 1659 vocabulo
987 1615 1095 1672 nunc,
1113 1593 1177 1658 sed‘
1194 1592 1316 1656 distin·

271 1703 323 1757 cte
346 1701 379 1756 et
406 1695 519 1753 exacte
546 1683 694 1768 designat
726 1701 798 1744 rem
831 1680 1112 1744 demonstratione
1141 1673 1316 1758 definitiva,

270 1773 553 1865 quemadmodum
584 1767 701 1832 dicitur
729 1765 793 1829 lanc
826 1763 918 1846 ium,
953 1765 1010 1829 ubi
1043 1764 1200 1829 Germani
1226 1773 1317 1828 recta

270 1863 363 1950 quasi
388 1860 438 1924 via
463 1857 595 1922 adrem
619 1855 653 1918 in
677 1849 791 1915 eadem
818 1849 904 1915 linea
930 1851 1075 1937 positam
1099 1847 1316 1937 procedentes
1368 1897 1371 1902 Α

270 1953 384 2014 dicunt
409 1943 482 2008 dies
507 1937 641 2028 gerarte
672 1935 724 2001 vel
746 1933 833 1999 'dies
860 1933 960 2001 eben.
1011 1935 1060 2000 lta
1092 1935 1201 2012 ratio,
1233 1956 1317 2021 quae

268 2035 353 2100 inter
373 2030 470 2096 verba
484 2039 575 2104 tum,
596 2043 715 2112 qnam,
735 2020 808 2085 ium
825 2021 1009 2102 intercedit,
1030 2017 1190 2118 explicari
1205 2029 1317 2108 potest

267 2120 375 2184 verbis
394 2139 433 2181 eo
455 2112 575 2191 modo,
604 2131 667 2195 qno
691 2106 809 2179 modo,
835 2106 910 2192 ipen
933 2107 997 2171 boc
1023 2106 1090 2170 sive
1114 2105 1174 2170 illo
1203 2105 1315 2171 modo.

270 2207 334 2270 Sed
352 2221 412 2266 usu
434 2199 557 2265 factum
580 2205 646 2274 est,
674 2203 709 2256 ut
731 2191 804 2254 ium
821 2193 1048 2276 maximopere
1072 2189 1251 2253 referretur
1272 2191 1315 2254 ad

268 2303 418 2376 ternpus,
443 2285 541 2370 idque
562 2279 612 2343 rel
629 2280 735 2364 ipsum
754 2275 804 2346 nel
827 2297 901 2338 cum
927 2275 992 2338 alin
1007 2281 1160 2360 tempore
1176 2295 1315 2358 compa·

267 2387 377 2443 ratum
398 2366 579 2435 distinctius
601 2363 842 2447 designaretur:
869 2380 932 2446 qna
955 2359 989 2422 in
1012 2357 1200 2423 definitione
1225 2360 1303 2422 Gen

268 2460 359 2526 mani
376 2466 513 2542 utuntur
528 2450 623 2515 etiam
642 2446 747 2509 verbis
764 2443 866 2517 ebert,
889 2443 1033 2530 gerarte.
1075 2442 1145 2508 Nec
1170 2444 1233 2508 boc
1255 2441 1315 2506 fu-

268 2548 315 2636 git
339 2542 491 2626 antiquos
515 2531 756 2622 grammaticos.
808 2529 894 2592 Nam
917 2531 1064 2592 Donatus
1097 2528 1210 2593 docuit
1239 2527 1314 2592 ium

266 2627 449 2716 significare
473 2619 617 2708 praecise
644 2626 794 2700 tempus:
838 2635 980 2696 eumque
1009 2625 1167 2698 sequutus
1197 2619 1245 2677 est
1277 2614 1313 2679 in

266 2714 346 2781 salsa
364 2709 497 2797 quidem
513 2701 759 2770 ratiocinatione
775 2700 904 2764 Curtius
920 2699 960 2762 ad
978 2698 1108 2762 Sallust.
1120 2699 1189 2762 Cat.
1207 2703 1238 2778 2,
1253 2700 1286 2762 2.

351 2793 604 2881 Expositionem
622 2786 746 2851 etiamsi
763 2807 824 2847 nos
841 2783 1005 2868 possimus
1028 2779 1173 2869 incipere
1197 2783 1236 2848 ab
1261 2783 1312 2860 iis,

269 2903 350 2969 quae
367 2881 409 2945 nd
425 2877 678 2964 qualescumque
694 2891 745 2933 res
764 2869 912 2934 distincte
927 2869 1139 2956 designandas
1161 2870 1312 2950 attinent,

265 2980 377 3033 tamen
394 2985 496 3051 quum
510 2961 593 3024 ratio
608 2956 769 3042 tempolris
786 2954 1003 3042 distinguendi
1020 2953 1214 3041 praevideat,
1237 2976 1311 3019 eam

266 3055 377 3142 primo
409 3053 485 3115 loeo·
517 3042 727 3110 illustremus.
792 3039 878 3104 Nam
916 3041 950 3103 in
980 3039 1132 3104 omnibus
1165 3039 1310 3126 partibus

266 3161 371 3204 tinum
395 3140 532 3223 apparet
554 3125 800 3219 significationis
837 3124 1110 3207 tundamentum,
1142 3146 1205 3189 nec
1236 3125 1311 3189 ium

109 3265 116 3290 t
217 3271 220 3280 .
265 3235 315 3290 est
329 3221 485 3312 particula
502 3217 644 3304 tempori
663 3211 817 3302 propria,
841 3220 876 3274 ut
898 3210 992 3274 multi
1014 3210 1097 3274 olim
1121 3210 1311 3297 opinabani
1344 3263 1358 3276 .,
1435 3259 1436 3268 ,

264 3321 330 3375 tur.
375 3306 487 3374 Critici
505 3325 599 3382 vero,
622 3300 679 3388 qui
695 3298 816 3386 ubique
831 3315 932 3360 unam
949 3295 1109 3382 temporis
1133 3298 1309 3360 notionem

264 3395 439 3472 tenebant,
458 3409 595 3475 eamque
616 3408 668 3452 sae
693 3403 711 3448 e
736 3404 807 3447 non
834 3401 910 3446 cum
933 3381 1069 3468 reliquis
1094 3380 1200 3446 verbis
1224 3401 1308 3444 con-

266 3503 384 3569 gruere
408 3478 576 3555 siderant,
601 3408 794 3537 eudemum
823 3465 1062 3553 confugerunt,
1089 3477 1127 3531 ut
1150 3465 1312 3532 decerne·-¹

263 3578 339 3634 rent
375 3559 566 3653 particulam
597 3556 671 3623 ium
700 3555 865 3642 eleganter
892 3552 1068 3617 abundare.
1127 3549 1174 3616 ltn
1207 3549 1306 3614 etidm

265 3650 390 3718 censuit
406 3645 609 3714 Eichstadius
632 3640 667 3708 in
693 3640 892 3721 Quaestione
912 3638 1007 3702 tertia
1029 3638 1070 3701 de
1092 3630 1234 3700 Flaviani
1257 3641 1307 3698 te·

204 3737 211 3746 ’
263 3733 410 3802 alimonii
427 3730 593 3798 authentia
617 3749 652 3816 p.
670 3730 702 3789 6.
724 3721 861 3788 afferens
882 3720 1018 3787 Terent.
1041 3719 1156 3785 Heaut.
1171 3722 1204 3798 4,
1222 3723 1254 3797 8,
1274 3723 1305 3784 1.

265 3834 296 3887 et
315 3821 422 3886 Tacit.
442 3819 597 3884 German.
620 3813 673 3876 45.
716 3809 784 3872 Nec
806 3807 999 3872 mirabimur
1021 3805 1173 3892 antiquos
1193 3823 1306 3888 gram·

263 3907 417 3976 melicos,
442 3902 499 3988 qni
514 3897 590 3964 huic
613 3895 786 3984 particulae
803 3893 905 3957 modo
931 3891 1108 3956 velocitatis
1132 3888 1210 3974 (rid.
1226 3885 1307 3952 tto}-

45 3996 176 4088 patara
258 4002 331 4056 siat.
357 3987 397 4055 ad
419 3985 556 4052 Terent.
577 3985 696 4079 ¹liecurt.
719 3982 751 4059 4,
768 3981 798 4052 6,
816 3978 901 4076 tlt),
928 3974 1033 4040 modo
1057 3971 1221 4037 'tarditatis
1248 3972 1306 4057 (nd

262 4075 364 4140 Andr.
390 4077 426 4153 1,
443 4077 482 4150 2,
500 4067 564 4156 19.)
593 4076 766 4132 notionem
797 4064 995 4128 tribuerunt.
1052 4059 1161 4123 Nemo
1186 4077 1304 4126 eorum

263 4163 350 4227 enirn
367 4157 536 4247 perspexit
549 4151 751 4244 primitivam
768 4143 918 4215 vocabuli
938 4154 1099 4210 naturam.
