2846 4724
192 383 194 392 ¹
241 353 306 421 862
597 383 600 390 v
740 347 799 414 IN.
856 395 860 402 .

243 505 285 572 de
300 505 377 593 Leg.
392 503 424 585 δ’,
443 505 493 582 16,
509 503 562 568 87.
578 523 648 568 666
662 499 745 588 quid
759 500 822 565 lzoc
833 500 961 588 populo
973 497 1120 566 obtineri
1132 461 1304 590 possit-
1396 510 1413 546 '¹

242 590 308 659 tibi
325 587 509 655 dicertclnm
519 599 619 674 pitto.
665 587 704 652 ad
728 589 795 650 Att.
816 594 934 668 10,11.
955 587 1018 652 secl
1041 609 1085 651 ea
1108 601 1189 654 sunt
1212 591 1303 655 tole·-

184 719 187 726 ·
241 676 389 754 rabilia,
412 673 494 763 quisi
510 674 601 738 enim
618 670 759 738 dicam?
780 673 847 738 liae
870 673 1056 737 inventute.
1103 676 1234 750 Cassius
1260 675 1328 739 ad'

244 765 312 831 Cic.
334 769 385 842 12,
408 766 457 838 18,
476 763 508 824 8.
539 758 707 825 delectum
727 759 898 846 remigum
924 781 1059 846 magna
1083 763 1305 826 contumacia

126 913 131 925 .
244 849 440 929 ciuitatum,
469 856 587 910 tamen
611 846 698 910 66116
731 843 886 910 celeriter
910 844 1103 911 1166616166.
1146 845 1185 911 16
1206 847 1304 913 Catil.

247 941 285 1016 1,
308 939 347 1015 3,
372 939 405 997 7.
440 931 589 996 discessu
614 943 812 996 ceterorum.
863 929 969 1012 1116116
995 930 1056 995 6116
1082 929 1215 1020 collegit
1240 955 1305 1000 ex-

245 1011 356 1106 empla
382 1017 575 1098 Wunderus
600 1016 639 1081 ad
664 1017 733 1081 Cic.
758 1038 791 1103 p.
805 1015 913 1079 Plane.
932 1020 972 1096 6,
998 1019 1048 1082 15.
1091 1017 1157 1081 Sed
1182 1029 1306 1106 poetae

243 1103 580 1193 Ρ666661.1,17,20.
603 1101 667 1170 illa
683 1124 757 1164 meo
784 1123 882 1165 curos
905 1100 1068 1166 donasset
1087 1102 1206 1187 funere
1230 1105 1305 1168 cri-

244 1215 315 1259 nes.
358 1191 481 1254 Lucan.
497 1193 528 1266 9,
549 1189 623 1254 615.
644 1209 758 1251 morsu
786 1187 876 1251 uirus
895 1185 1035 1251 ¹liabent.
1079 1189 1173 1268 Quae
1195 1189 1305 1253 11666-

140 1341 143 1346 .
244 1274 491 1342 116666116616.
533 1275 583 1338 De
608 1273 855 1361 praepositione
881 1295 951 1337 666
976 1267 1303 1362 6611666όαί666-

212 1403 214 1408 ·
243 1363 368 1430 rundio
385 1361 514 1424 adiecto
533 1361 722 1423 dictumest
743 1380 778 1444 p.
796 1363 870 1423 286.
914 1357 1041 1423 Tamen
1060 1361 1128 1424 Cic.
1152 1358 1193 1424 ad
1208 1359 1304 1424 Fam.

244 1455 275 1527 3,
293 1454 323 1525 9,
341 1454 392 1511 11.
418 1445 600 1532 negligens
620 1443 810 1508 scribendo.
854 1449 893 1518 2,
919 1450 955 1516 1,
975 1451 1007 1509 2.
1029 1443 1207 1510 scribendo
1232 1447 1306 1510 im-

152 1591 155 1602 ,
232 1535 359 1623 piger.
403 1531 515 1596 Critici
535 1540 675 1615 6166666
699 1528 773 1593 1666
791 1540 941 1592 inserunt
964 1528 1012 1593 in.
1034 1553 1036 1566 ·
1057 1531 1128 1594 Alia
1152 1531 1223 1594 61116
1249 1554 1305 1594 66-

243 1620 390 1684 tionibus
409 1639 444 1680 66
469 1627 580 1680 66166.
612 1615 751 1696 Quintil.
769 1619 859 1694 10,3,
874 1621 925 1679 81.
942 1613 1046 1679 scribi
1061 1616 1188 1699 optime
1204 1617 1304 1695 ceris,

244 1706 284 1772 in
302 1702 419 1792 661666
427 1640 608 1790 simillima
625 1707 681 1765 est
695 1700 788 1764 ratio
812 1699 960 1764 delendi.
1005 1700 1215 1790 Spaldingius
1238 1725 1306 1766 ne-

152 1812 156 1820 ’
223 1842 226 1853 .
246 1790 423 1856 cessariam
437 1787 575 1876 putabat
590 1785 888 1873 praepositionem,
910 1808 993 1872 quae
1008 1787 1042 1850 in
1069 1788 1144 1850 cod.
1167 1787 1304 1853 florent.

244 1877 408 1960 adscripta
433 1885 493 1939 661.
545 1871 759 1937 Frotscherus
784 1883 893 1936 autem
913 1872 999 1935 hane
1026 1875 1222 1937 sententiam
1248 1897 1305 1938 re-

244 1961 458 2113 probaticae
478 1963 527 2033 11,
552 1964 583 2034 2,
603 1965 656 2024 82.
679 1958 795 2022 allato:
817 1957 907 2022 illuel
920 1959 1090 2024 neminem
1107 1981 1176 2023 non
1200 1961 1305 2024 iuua-

267 2061 295 2114 11
309 2045 452 2128 iisdem,
476 2041 593 2134 661666
609 2045 804 2130 scripserit,
829 2043 915 2107 ceris
943 2044 1102 2110 ediscere.
1124 2066 1190 2129 quo
1215 2055 1305 2110 certe

210 2135 213 2141 ’
242 2137 317 2223 ,ipsa
344 2156 397 2210 666
431 2154 500 2196 666
531 2132 608 2196 66116
642 2131 898 2194 demonstratur.
948 2129 1034 2194 Nam
1066 2131 1149 2194 illud
1182 2129 1304 2218 661666

128 2235 130 2242 ’
223 2286 226 2296 ,
245 2229 358 2309 potest
374 2239 435 2305 per
454 2218 683 2283 attractionem
706 2239 775 2280 6666
802 2215 1006 2292 formatum,
1027 2225 1059 2281 61
1080 2216 1191 2302 ipsum
1219 2240 1306 2305 pro-

245 2326 371 2370 nomen
387 2303 562 2367 relativum
579 2303 739 2366 maiorem
758 2301 854 2365 habet
869 2302 1046 2378 licentiam.
1088 2305 1128 2366 At
1145 2306 1175 2372 8,
1194 2308 1224 2379 6,
1249 2307 1305 2368 64.

188 2437 191 2442 1
245 2414 351 2478 neque
367 2389 438 2453 6116
456 2389 543 2452 ceris
560 2388 719 2452 Platonis
733 2387 869 2451 inuenta
889 2398 967 2451 orant
984 2390 1130 2473 6661666
1145 2387 1209 2452 1116
1226 2411 1306 2453 ner-

245 2475 302 2541 66.
348 2476 460 2556 Quare
484 2472 696 2539 deformata
721 2493 783 2536 usu
810 2470 1004 2555 6661166616
1037 2475 1180 2559 cogitare
1213 2473 1306 2538 11661.

247 2564 302 2630 sic
326 2563 360 2625 16
386 2560 457 2625 61116
482 2582 554 2624 666
577 2560 698 2646 paucis.
749 2559 843 2639 Quae
868 2579 971 2644 quum
1000 2561 1153 2637 1166161,
1187 2560 1306 2625 6611166

211 2668 214 2684 ·
244 2650 393 2714 maxims
420 2647 481 2710 erit
505 2645 843 2724 animadvertendum,
865 2666 907 2706 ne
924 2644 1039 2708 vitiosa
1057 2645 1192 2721 66116161,
1215 2668 1306 2732 666-

149 2747 153 2758 ’
247 2756 325 2800 rum
348 2732 511 2799 rationem
538 2751 601 2793 666
626 2728 848 2793 oblitteratam
874 2729 1010 2810 viderit,
1046 2752 1111 2795 666
1137 2729 1308 2814 defendat,

142 2885 144 2894 ,
248 2842 335 2909 quae
347 2822 383 2885 in
401 2826 550 2882 veterum
566 2816 695 2901 scriptis
712 2812 809 2879 facile
823 2825 980 2904 poterant
996 2817 1178 2904 eorrumpi.

350 2972 392 3024 Ex
409 2969 591 3034 multisonis,
609 2985 724 3037 quorum
742 2970 871 3023 nonnulla
884 2969 938 3023 iam
957 2967 1059 3037 16241.
1078 2971 1308 3036 commemoravi,

313 3055 678 3126 66666616666616661666
701 3053 757 3108 016.
775 3055 809 3108 nd
831 3052 952 3120 116665,
971 3054 1058 3120 11,1.
1074 3059 1238 3124 quomobrem
1261 3075 1307 3110 re-

316 3143 393 3210 liquis
410 3143 464 3195 tais
483 3142 557 3192 66666
580 3142 697 3193 omnibus
722 3143 784 3210 pari
805 3158 846 3194 mc
866 3141 954 3193 6166116
975 3127 1041 3210 eigo
1063 3149 1138 3213 161-
1159 3157 1307 3210 cognosces.

314 3225 437 3294 Murtyni
453 3226 568 3293 [laguna
584 3224 694 3294 scripsit
709 3226 738 3276 in
755 3226 867 3293 reliquis.
901 3224 996 3278 061666
1012 3226 1038 3291 1,
1053 3225 1079 3278 2.
1096 3225 1307 3278 116116666ιᾶ1-

308 3311 374 3378 ficio
390 3311 494 3375 lucido,
514 3312 650 3363 liberaum
665 3311 742 3363 solem
758 3311 871 3382 11616616.

352 3409 433 3463 ovid.
447 3414 516 3465 1166.
533 3413 558 3476 1,
573 3412 616 3464 21.
634 3415 748 3482 quisquis
762 3422 818 3467 erat
834 3394 925 3467 6661616
940 3409 1076 3484 iugulatus
1092 3414 1204 3482 Actius.
1234 3413 1306 3466 Met.

313 3494 339 3562 8,
356 3496 415 3550 818.
430 3498 529 3563 suctim
549 3499 624 3549 illurn
642 3500 735 3566 primis
750 3499 797 3550 luo
811 3499 953 3551 matertera
968 3499 1039 3550 cunis
1055 3499 1156 3551 educat.
1177 3498 1213 3550 61.
1229 3498 1305 3550 Len-

313 3597 377 3650 uep.
393 3581 428 3632 ad
446 3582 514 3632 Her.
532 3580 558 3645 9,
576 3579 619 3633 86.
638 3581 737 3651 virgil.
751 3579 857 3647 8668,
873 3580 915 3639 16.
934 3583 1009 3638 litore
1032 3584 1107 3634 curlo
1129 3582 1304 3650 6166616661-

316 3683 360 3719 rna
379 3667 442 3717 loco.
469 3663 496 3729 8,
517 3663 577 3718 141.
597 3667 671 3724 terrie
689 3667 816 3719 animalia
831 3684 937 3718 somnus
946 3668 1063 3720 1616161.
1093 3665 1119 3730 6,
1132 3665 1175 3718 ’11.
1193 3674 1220 3718 16
1238 3683 1302 3732 666-

316 3766 364 3817 666
379 3768 482 3818 magna
496 3757 601 3803 mouent
617 3752 706 3818 reguis
718 3751 866 3820 penetralia
882 3752 985 3804 uostris.
1021 3749 1101 3802 0611.
1118 3753 1184 3804 Met.
1199 3747 1301 3815 *1,846.

313 3836 441 3887 montibus
457 3835 574 3887 6666161.
610 3833 664 3885 Sed
684 3834 705 3885 1.
724 3835 758 3885 Η.
782 3835 890 3888 Vossius
914 3841 1015 3888 noviun'
1033 3841 1207 3906 praeceptam
1225 3851 1304 3886 com-

315 3924 426 3970 mentus
442 3917 533 3971 66166
549 3917 654 3970 Tibull.
667 3916 694 3982 2,
709 3916 728 3986 5
742 3917 790 3986 (1),
804 3917 830 3972 8.
854 3919 904 3972 ubi
925 3920 1044 3989 legiturs
1062 3938 1139 3989 66666
1154 3919 1303 3972 mallentin

256 4015 258 4020 ·
314 4002 412 4074 gelidis
440 4004 565 4056 montibus
589 4019 641 4055 esse
663 4003 746 4071 lapis,
781 4009 925 4069 poetarum
956 4005 1094 4061 neminem
1123 4006 1152 4056 in
1175 4004 1303 4056 montibus

315 4085 431 4151 dixisse,
457 4095 488 4142 61
511 4089 538 4140 16
564 4093 710 4156 occuparet
733 4088 815 4140 66616.
848 4088 881 4140 ld
906 4105 972 4142 vero
999 4096 1097 4157 666166
1119 4087 1147 4140 16
1173 4086 1304 4140 omnibus

312 4169 573 4240 praepositionibus,
594 4169 824 4249 6166616666,
845 4171 951 4231 evitare
976 4175 1074 4230 661661.
1115 4172 1189 4227 Num
1211 4170 1313 4242 igitur.
