2866 4716
593 369 678 437 HEI.
1108 373 1153 447 43

116 527 188 594 tau.
207 536 213 552 '
230 523 402 593 ustassai
422 522 531 614 prima'
555 543 665 593 caussa
686 526 795 614 posita
819 527 934 596 eratin
953 530 1150 621 pronuntia·

116 612 246 676 tioneet
255 610 417 675 informa.
450 611 532 675 Soni
541 613 573 676 ei
589 623 620 678 et
636 633 675 677 eu
685 613 773 678 enim
788 611 872 678 inter
887 613 1014 682 sehaud
1030 639 1151 706 parum

117 695 284 762 distabant.
333 695 391 762 llla
419 715 502 782 voro.
528 697 753 785 diphthongus
778 695 829 774 ti,
865 715 963 784 quam
995 704 1153 770 Germani

117 792 284 846 aentraeto
299 803 384 848 sano
398 785 617 868 pronuntiant
633 783 669 848 in
688 782 795 850 verbis
819 782 913 860 rein,
935 783 1032 865 dein,
1052 810 1153 875 pror-

116 888 169 948 sus
189 867 292 932 aliena
313 867 378 932 suit
391 877 418 932 tn
443 865 544 934 latina
562 867 692 954 lingua,
713 869 749 932 in
776 884 839 954 qua
861 867 895 932 ei
914 889 1047 957 stuiper
1094 895 1154 938 ro-

115 953 325 1018 nuutiabatur
346 951 456 1016 soluto
472 975 574 1032 sono,
597 953 647 1019 vel
662 954 768 1018 littera
783 976 801 1017 a
816 952 1007 1030 obscurata,
1021 891 1155 1022 uellit·

116 1047 183 1102 teta
202 1039 245 1104 vi.-
283 1037 566 1123 quemadmodum
602 1061 618 1100 a
644 1037 688 1101 ud
724 1060 786 1102 nos
824 1038 936 1102 rustici
955 1039 1156 1126 loquuntur.

115 1121 216 1186 Conf.
241 1121 397 1186 Priscian.
420 1143 456 1208 p.
479 1124 555 1187 568.
677 1122 925 1209 diphthongum
946 1124 1051 1190 Lutini
1079 1147 1158 1192 eum

115 1207 252 1277 Graeois
275 1226 488 1270 communem
513 1205 687 1286 habebant.
708 1206 773 1274 vid.
796 1207 931 1274 Tereut.
954 1209 1060 1279 Maur.
1080 1213 1157 1277 467.

111 1293 170 1369 De,
180 1290 402 1377 adspiratione
419 1291 634 1367 Cassiodorus
649 1313 690 1358 ex
711 1292 872 1382 Eutychis
894 1293 986 1360 libris
1008 1319 1042 1383 p.
1057 1300 1156 1372 uult.

117 1387 205 1442 extr.
223 1376 345 1440 'omnia
370 1376 502 1440 >voeatis
532 1377 650 1444 vocali
677 1377 780 1445 illata
810 1399 869 1444 seu
893 1378 1006 1446 divisa
1036 1403 1096 1459 sesa
1122 1382 1161 1447 in

115 1462 329 1553 diphthongo
351 1460 531 1546 copulata,
555 1473 650 1528 caret
674 1462 914 1553 adspiratione
928 1501 988 1543 -‚
1008 1469 1158 1553 exeeptis

114 1546 299 1635 tenedus,
319 1543 495 1625 hartrih,
523 1545 615 1628 lain,
645 1547 786 1637 laissa,
807 1548 911 1633 bata,
935 1563 967 1618 et
993 1547 1160 1642 quidquid

116 1631 157 1700 ab
177 1629 238 1718 ¹lais
257 1630 470 1718 componitur
493 1629 546 1697 vel
561 1631 736 1720 derivatur
757 1637 858 1716 (nam
878 1635 985 1702 Isaac
1007 1650 1044 1704 ut
1067 1640 1159 1706 arti-

94 1718 207 1792 ,culus
233 1714 450 1818 adspiratur.)
474 1727 507 1781 et
532 1716 610 1786 lieu
634 1731 667 1784 et
693 1719 766 1784 tei
787 1710 1095 1808 interiectionibus,
1124 1733 1160 1788 et

117 1802 211 1868 verbo
233 1799 403 1877 bertilo,
436 1800 526 1888 qraod
550 1801 593 1868 ab
619 1804 689 1870 tei
703 1804 761 1872 ¹vel
778 1805 856 1872 tau
877 1806 1158 1890 traducianae.

117 1889 164 1964 lta
180 1888 257 1950 haee
274 1885 356 1952 mihi
373 1887 575 1952 emendanda
591 1889 755 1956 videntur.
799 1889 924 1963 Phocus
941 1890 980 1957 de
993 1893 1159 1979 Adspirat.

116 1969 264 2060 pss'ttatr:
284 1973 320 2036 in
336 1971 443 2063 verbis
453 2018 463 2048 ‚
486 1973 617 2056 quaein
634 1966 742 2057 prima
760 1981 780 2036 s‘
799 1974 887 2040 llaba
909 1983 954 2040 eu⁴
972 1977 1160 2065 diphthon-

116 2081 195 2160 gum
222 2061 297 2142 oriris
313 2049 546 2146 'adspiratione
573 2055 746 2145 copulant,
769 1995 833 2120 deu
854 2061 1029 2136 nominat,
1056 2063 1160 2127 inter·

117 2141 263 2208 rectibni's
278 2141 337 2206 bei
350 2139 575 2206 nullam‘faait
598 2142 815 2206 mentionem.
857 2145 963 2228 Atque
988 2141 1088 2210 fuisse
1110 2147 1161 2211 vi-

118 2232 255 2310 dentur,
284 2229 340 2313 qui
368 2225 621 2316 adspirationem
647 2249 715 2290 non
741 2225 930 2294 adiicerent.
971 2229 1097 2316 Apulei.
1121 2231 1162 2301 de

118 2308 499 2400 Ontbogr.‘t¹lt'u·funte
523 2329 541 2378 1·
561 2313 740 2398 aspiratur
754 2311 802 2374 *in
823 2313 894 2376 liei
915 2313 1160 2393 interiectione,

118 2412 155 2464 nt
176 2398 219 2464 ab
240 2399 281 2465 ei
289 2398 491 2484 pronomine
506 2396 619 2472 distat,
638 2397 689 2461 ael
704 2397 865 2484 quonium
878 2395 1037 2486 affectum
1047 2401 1163 2487 signi·-

111 2481 215 2572 flout,
235 2507 311 2552 eum
327 2482 478 2558 invictiore
493 2483 617 2567 spiritu
633 2493 682 2546 est
693 2481 917 2568 premendum
938 2485 1057 2571 (Leges
1076 2509 1163 2571 pro·

118 2569 307 2652 mendam).
352 2566 416 2630 Sed
441 2567 612 2632 redeamus
638 2567 677 2631 ad
697 2565 978 2653 significationem.
1021 2571 1159 2639 Etiamsi

120 2659 127 2720 i
152 2656 218 2723 itur
233 2655 296 2722 hae
312 2674 408 2718 voees
425 2649 580 2718 facillime
597 2663 748 2742 poterant
773 2675 833 2740 per
854 2658 1052 2736 scripturam
1077 2680 1162 2722 eouc

17 2809 18 2822 g
62 2779 71 2794 ·
120 2681 249 2821 llitndi,⁴
275 2753 306 2803 et
329 2738 517 2826 saepissime
543 2740 607 2828 lzey
632 2749 663 2802 et
684 2737 747 2816 lieu
770 2759 832 2824 pro
857 2730 913 2821 irai
937 2737 974 2809 iu¹
997 2739 1161 2818 codicibus

17 2825 18 2916 J
120 2828 281 2914 seriptum
309 2821 447 2922 legitur,
477 2833 586 2886 tamen
609 2823 748 2924 antiquis
778 2821 967 2892 hominibus
998 2819 1161 2896 distinetio

17 2935 18 2954 ³
121 2921 188 2978 erat
215 2931 404 2986 neeessarra.
453 2905 580 2996 ideirco
602 2909 657 2976 lies
682 2929 864 2992 numquam
886 2903 1101 2994 usurpabatui·
1121 2911 1162 2978 de

122 2991 222 3062 anim'i
244 2993 463 3082 aegritudine,
494 3015 601 3078 neque
625 2995 659 3057 in
681 2991 916 3060 lamentatione
945 2993 986 3058 de
1008 3017 1163 3064 moerore

116 3082 281 3167 selectu,
301 3079 357 3144 sed
373 3089 501 3148 tautum
529 3078 833 3164 inperturbatione
855 3075 955 3144 animi
979 3078 1030 3143 vel
1052 3075 1095 3148 ex'
1114 3084 1162 3148 ti-

120 3158 223 3249 more'
236 3169 279 3232 ao'
291 3163 399 3240 metu,
422 3162 473 3228 vel
490 3159 532 3229 'ex
556 3174 683 3227 terrore
709 3173 781 3228 orta
794 3159 856 3226 ‘vel
878 3183 939 3250 per
959 3166 1161 3252 magnitudi-

120 3259 201 3320 nem
216 3253 328 3316 rer'urn
347 3246 495 3314 e‘a'rcitata.
540 3247 664 3312 Omnes
687 3247 784 3312 etiam
808 3247 1011 3336 grammatici
1037 3262 1161 3315 veteres

121 3340 262 3416 docent,
291 3333 349 3401 ter·
365 3355 433 3399 esse
456 3335 624 3410 timentis,
641 3333 706 3398 hen
729 3333 880 3397 dolentis.
923 3328 999 3397 Vid.
1023 3333 1162 3402 Diome-

121 3425 182 3488 des
201 3444 237 3510 p.
252 3423 326 3485 412.
354 3420 504 3484 Donatus
522 3441 554 3507 p.
574 3422 667 3483 1766.
701 3415 792 3486 Max.
810 3417 995 3482 Viatorinua
1017 3443 1051 3509 p.
1063 3419 1162 3484 1954.

119 3506 295 3595 Agroetius
322 3529 352 3592 p.
376 3509 473 3574 2272.
531 3504 600 3572 Nos
638 3523 714 3569 vero
750 3520 997 3590 percenseamus
1035 3501 1162 3589 singula

120 3593 222 3658 liuius
246 3611 323 3654 usus
341 3609 470 3676 genera.
674 3639 677 3651 .
880 3635 884 3644 .
915 3627 918 3636 .
965 3621 1000 3640 ·=
1055 3607 1058 3624 ¹
1160 3611 1163 3618 ·

159 3695 163 3720 ⁵
223 3694 345 3786 Antiqua
365 3709 489 3788 doctrino
510 3705 654 3777 aliquando
675 3663 810 3758 obsolevit
828 3697 884 3788 tia,
901 3709 935 3758 nt
946 3685 1050 3762 Furens
1065 3700 1163 3762 contre

179 3795 342 3848 -Gl'uternrn
355 3784 530 3846 contenderet
544 3791 575 3844 iu
588 3791 711 3848 Analeet.
725 3789 756 3845 iu
768 3789 859 3846 Plane
873 3790 972 3864 tnpu.
984 3788 1013 3857 5,
1023 3786 1053 3846 Ἰ.
1068 3807 1095 3861 p.
1101 3789 1166 3849 1118.ι

156 3869 159 3878 ’
191 3879 234 3934 lei
248 3879 285 3932 ul)
294 3878 353 3932 ‘beo
366 3871 572 3930 nihilffiffeme.
645 3939 652 3954 J
746 3869 749 3876 ’
789 3869 792 3876 ’
815 3893 816 3900 ’
1183 3875 1186 3880 “

210 4005 241 4067 1.
262 3998 415 4066 Diximus
429 4009 555 4062 metum
570 4007 602 4061 et
625 3997 781 4080 timorem
798 3995 940 4086 exprimi
955 3973 1021 4080 bae
1040 3960 1165 4063 vocula:
1241 4022 1245 4032 *

119 4089 233 4174 Atque
249 4108 285 4152 ea
308 4077 506 4163 mauturii,
529 4083 585 4170 qui
606 4081 732 4148 malurn
755 4081 1021 4173 appropinquare
1042 4083 1164 4173 vident,

122 4183 158 4240 et
176 4169 236 4262 qui
254 4169 498 4266 vehementiore
514 4177 606 4238 metu
630 4169 887 4252 conturbantur,
907 4175 940 4233 et
962 4167 1029 4258 qui*
1042 4185 1164 4256 angore
