2846 4724
583 351 719 420 INDE.·
793 367 796 374 ·
860 361 863 368 ’
933 421 935 428 ,
1109 361 1174 428 369
1225 367 1229 374 ·

104 547 112 580 ,
128 463 155 545 ⁴..
181 505 248 566 rent.
263 509 293 564 in
307 525 362 580 qno
383 506 561 579 Spaldingina
583 514 612 562 ct
627 505 808 562 Gcrnhcrdnc
828 507 890 561 inde
913 523 963 578 pro
988 510 1080 565 ddade
1096 485 1192 566 acet-¹.

181 596 268 666 piant,
284 601 311 649 et
319 591 476 664 eloquentiae
483 612 589 648 manum
596 593 814 665 interpretantur
822 608 883 645 csso
891 609 1025 646 summam
1035 595 1171 664 eloquen-

181 679 237 734 tiac
254 679 390 748 peritiam.
424 680 575 749 Vtrumque
591 680 644 737 hoe
660 678 836 732 abhorrotnh
848 694 898 729 usn
915 677 1016 731 latinae
1035 695 1100 732 uam
1116 697 1170 734 non

180 771 271 832 potest
286 763 339 816 dici
353 749 510 832 elcpncntiac
525 781 627 828 manns,
648 775 737 830 noque
749 763 807 816 inde
816 762 874 815 sino
890 760 1090 832 significatione
1105 772 1170 834 opta

181 848 255 901 addi.
287 849 412 918 Egregia
428 847 559 902 attalica
575 855 618 902 ert
634 847 807 912 emendatio,
826 847 911 901 etiam
933 847 1057 900 codicum
1074 856 1170 904 ancto-

179 938 237 986 tata
258 933 426 996 confirmata,
444 951 573 986 summam
594 935 622 986 in
641 934 788 1004 eloquentia
810 949 927 986 manum.
953 931 973 984 i.
997 948 1024 984 c.
1048 949 1169 1000 nimum,

182 1033 253 1087 qnae
268 1016 297 1069 in
313 1017 468 1094 eloquentia
482 1033 589 1071 tamma
605 1024 655 1071 ost.

157 1155 164 1172 ·
225 1133 284 1187 cte.
307 1133 386 1186 Brut.
408 1133 460 1201 90,
481 1135 542 1189 812.
571 1136 660 1204 itaquo
681 1139 772 1206 prima
795 1154 888 1190 canora
908 1136 1013 1206 publica
1038 1153 1087 1204 pra
1109 1136 1169 1188 Ser.

180 1218 272 1270 Roscio
286 1219 374 1282 dicta,
393 1227 495 1275 tanturn
516 1224 745 1299 commendationis
762 1224 871 1287 latrat,
890 1229 921 1275 ut
943 1238 994 1273 non
1015 1209 1073 1272 uita
1094 1226 1167 1294 aret,

179 1319 244 1371 quoe
258 1321 310 1355 non
328 1304 412 1372 digna
434 1312 520 1356 nostro
545 1307 691 1374 patrocinio
716 1309 861 1361 videretur:
880 1305 1077 1375 deinceprtudc
1099 1303 1167 1356 mul·

178 1393 239 1451 lae,
258 1405 322 1457 quaa
339 1405 391 1440 non
411 1390 497 1441 minuc
514 1390 654 1458 diligenter
671 1393 817 1444 elaboratas
834 1417 869 1431 ·-
886 1390 1072 1460 asserebamus.
1105 1386 1166 1440 Isin.

98 1470 107 1536 j
178 1470 210 1536 1,
225 1469 275 1544 til,
294 1470 320 1523 3.
354 1473 416 1524 inde
439 1474 559 1541 deincepc
586 1483 668 1543 auget
692 1476 834 1544 Esquilias.
868 1474 902 1538 5,
923 1474 975 1536 37,
996 1472 1022 1524 o.
1046 1474 1091 1526 ced
1112 1490 1167 1525 an-

179 1558 305 1609 tecedente
331 1561 412 1624 fama
444 1559 590 1640 nuntiisque
614 1559 795 1624 Clusinorum,
829 1560 947 1627 deinceps
974 1560 1033 1611 inde
1053 1559 1166 1610 aliorum
1274 1581 1278 1592 =

173 1617 347 1712 populorum,
362 1642 506 1708 plurimum
520 1643 627 1696 terroris
641 1643 752 1696 Romam
769 1643 887 1696 celeritas
902 1644 1014 1696 lractium
1034 1644 1104 1697 tulit.

220 1757 281 1811 niv.
296 1755 340 1822 4⁴,
353 1755 396 1822 ²4,
413 1757 438 1810 9.
456 1759 499 1812 liic
511 1762 586 1829 prius
610 1761 646 1812 ad
667 1763 845 1831 Amphipolim
870 1751 927 1814 cum
955 1763 1077 1814 Chimaro
1097 1778 1164 1830 qua-
1206 1789 1213 1816 r

175 1845 237 1897 darn
255 1843 377 1914 populari
399 1860 462 1906 cuo,
483 1846 614 1898 militante
633 1847 704 1914 apud
727 1847 835 1912 Peraea,
860 1847 920 1898 inde
936 1854 1026 1916 postea
1049 1846 1085 1897 ad
1107 1847 1163 1899 De-

174 1931 328 1983 metriadem
347 1929 496 2032 aemclcum
512 1931 655 1982 Menecrate
670 1929 783 1996 quadani
799 1959 833 1970 -
855 1931 1015 1998 colloquatur
1026 1933 1129 1996 fuerat.

188 2081 241 2146 24.
264 2081 381 2144 Poetae
398 2079 511 2159 latini,
534 2079 667 2165 quando
693 2081 727 2144 in
753 2080 942 2146 enarrandis
966 2081 1064 2145 rebus
1082 2074 1169 2166 per?

128 2178 202 2248 unt,
221 2175 360 2231 utuntur
377 2165 438 2230 hac
458 2167 625 2250 particula,
647 2176 817 2232 utnexum
833 2189 944 2231 rerum
963 2164 1159 2253 significent.
1260 2177 1264 2186 ’

103 2193 140 2320 id
169 2253 288 2318 imitati
314 2261 390 2314 sunt
414 2252 512 2316 etiam
535 2250 683 2316 historici
706 2252 872 2340 inde-pro
899 2265 986 2328 tum,
1012 2252 1085 2315 ium
1107 2250 1161 2314 di·

104 2341 224 2405 cendo.
275 2335 377 2423 quue
409 2327 442 2401 iii
475 2339 586 2402 animo
611 2337 727 2402 habuit
754 2341 942 2403 Gronovius
956 2366 971 2417 ,·
997 2340 1100 2427 quum
1125 2337 1159 2401 in

103 2424 245 2492 Diatrib.
274 2445 307 2509 p.
335 2417 406 2486 159.
430 2424 532 2511 (269.)
564 2425 670 2487 verbis
694 2447 784 2488 nunc
810 2447 905 2498 uero,
935 2422 979 2489 ab
1001 2425 1063 2488 lroc
1084 2445 1161 2487 mo-

104 2523 219 2578 mento
251 2507 447 2593 explicabat.
497 2509 606 2574 Livius
635 2507 711 2575 cum
737 2512 846 2599 poetis
879 2511 1067 2599 composuit
1096 2508 1158 2574 hac

103 2599 234 2664 ratione
252 2605 285 2659 et
305 2591 397 2658 inde.
424 2610 431 2634 ¹

210 2719 289 2802 Ouid.
305 2695 411 2795 naal,
426 2728 487 2782 181.
503 2729 602 2784 totilas
621 2731 681 2784 inde
701 2731 787 2785 modic
809 2749 858 2784 ara
877 2731 1054 2801 indignantia
1071 2729 1156 2785 coluit.

100 2829 102 2834 '
172 2821 245 2874 stau
260 2814 331 2870 Silv.
346 2816 373 2880 3,·
388 2815 414 2879 2,
434 2814 477 2868 5⁰.
495 2823 569 2868 accat
591 2816 645 2885 ipre
661 2823 742 2868 ratem
758 2823 900 2884 nectarque
920 2823 1050 2871 morantes
1070 2817 1157 2869 incre-
1236 2875 1240 2886 ,

169 2904 314 2978 patricida
339 2917 423 2952 meum
447 2900 614 2982 timidojam
631 2901 740 2968 frigore
760 2908 846 2968 pectus
870 2901 978 2986 lplitur.
1011 2899 1056 2954 Ita
1079 2903 1156 2956 codd.

171 2987 222 3042 utri
234 2987 319 3056 vulgo
341 3003 395 3038 ecee
410 3003 502 3038 meum.
536 2983 715 3036 Marklandus
739 2989 879 3052 comparat
901 2981 934 3050 4,
950 2983 983 3050 4,
997 2984 1040 3039 26.
1060 2994 1171 3040 certum
1205 3033 1210 3039 .

171 3072 303 3142 estc-inde
318 3087 396 3122 canuc
412 3069 531 3140 geminas
541 3070 605 3122 milri
621 3070 711 3122 circuit
726 3086 812 3123 aurea.
837 3070 1038 3124 VolcrrFlaco.
1050 3068 1078 3136 5,
1095 3069 1156 3125 225.
1186 3119 1193 3130 ,

170 3159 234 3212 inde
251 3171 355 3208 canens.
1063 3173 1064 3176 ¹

205 3273 266 3327 niv.
280 3271 324 3338 tc,
340 3269 383 3336 35,
397 3270 422 3323 l.
440 3271 469 3325 id
484 3272 560 3325 modo
577 3284 629 3322 esce
650 3268 764 3321 salutare
785 3269 815 3321 in
836 3287 958 3338 praecem
973 3275 1094 3328 credebat
1114 3291 1155 3328 cc-

171 3360 232 3414 dera
254 3360 315 3413 inde
337 3363 465 3425 quantam
487 3362 585 3426 poscet:
620 3353 725 3406 et'inde
749 3370 803 3405 una
827 3363 901 3408 nocte
925 3385 958 3397 -
990 3360 1155 3426 aliquantum
1211 3362 1213 3366 ’

171 3460 287 3500 animur
300 3449 339 3496 at
355 3443 412 3495 iter.
444 3440 514 3494 Stat.
530 3438 627 3491 Thali.
635 3436 660 3502 1,
678 3437 739 3490 802.
757 3439 816 3491 lrinc
829 3447 937 3494 canorae
950 3443 1068 3495 irammr
1086 3440 1155 3494 certo

128 3561 131 3565 ·
169 3531 269 3604 reliqua
286 3528 376 3581 ordine
391 3527 494 3578 ducam.
529 3524 605 3575 Paret
626 3523 792 3576 Atlantiades
813 3525 890 3576 dictis
907 3527 1035 3596 genitoric
1054 3525 1154 3578 eliade

126 3677 130 3682 ,
171 3630 273 3670 tumnm
286 3613 384 3682 pedum
396 3628 507 3682 propere
519 3607 682 3680 plantaribus
695 3608 784 3677 illigat
801 3609 858 3660 otio.

182 3768 235 3832 25.
264 3762 352 3838 Iade
374 3763 505 3852 quando
528 3759 823 3844 consequutionem
848 3779 960 3822 rerum
990 3756 1153 3822 factarum

100 3843 208 3932 notat,
229 3871 325 3935 saepe
342 3851 441 3916 simul
456 3845 687 3935 complectitur
705 3866 862 3908 caussam.
898 3843 1046 3931 intellige
1063 3842 1154 3930 quod

100 3933 347 4029 quumsuclum
363 3937 426 4017 sit,
448 3935 514 3999 tac
530 3932 573 3998 de
595 3953 731 3996 cartana.
774 3928 844 3994 Nos
869 3927 986 3994 daher.
1028 3927 1076 3994 Ita
1097 3931 1153 3994 in·

101 4025 231 4110 cipiunt
245 4022 442 4088 narrationis
453 4024 579 4084 'noram
591 4027 721 4104 partem
738 4015 844 4081 verbis
859 4012 942 4078 inde
955 4037 1075 4102 quum,
1097 4016 1152 4081 in·

100 4108 146 4202 cle
160 4108 229 4174 ubi.
254 4109 344 4196 quod
359 4107 430 4174 fera
448 4116 496 4172 est
512 4125 613 4194 quum
629 4102 759 4190 igitur,
784 4100 838 4168 ala
852 4121 934 4168 nun.

102 4267 107 4276 ¹
165 4243 225 4311 ΙΙΙ.
271 4298 283 4306 .
821 4233 865 4300 24
