2846 4724
237 271 318 370 ¹sso
342 375 345 386 ,
745 303 806 370 iu.

123 505 126 512 .
230 470 348 534 [stem.
383 442 691 546 ubiWopkeusius
726 457 844 544 corrigi
873 455 966 522 iubet
990 458 1091 523 inter.
1134 429 1195 528 Est
1228 481 1305 531 vero
1346 453 1347 456 ¹
1387 509 1392 531 .

240 542 419 608 ‚discedere
432 542 565 613 hostem
580 545 614 608 in
629 554 739 630 partes
755 544 895 609 Arminii
912 553 944 607 et
963 543 1116 629 Segestis.
1145 615 1149 625 A
1166 625 1169 629 Ι
1237 633 1239 636 Ι

334 700 386 762 51.
407 695 446 760 Ιιι
461 717 615 762 mensura
633 695 816 770 definienda
837 695 968 760 additur
986 697 1166 765 altitudinis
1183 701 1234 764 vel
1252 701 1302 766 la-

250 783 400 847 titudiuis
423 802 559 847 nomen.
605 782 670 846 Sed
700 782 763 845 dici
784 791 921 868 poterat
945 793 976 844 et
1000 783 1038 847 in
1063 785 1250 851 altitudine
1273 799 1317 850 et·

250 869 288 932 in
315 866 558 932 altitudinem*
596 869 688 932 Libri
712 868 825 955 scripti
852 877 1028 955 utramque
1057 869 1206 936 formam
1232 871 1302 936 fere

249 955 373 1040 ubique
389 952 565 1035 exhibent,
588 975 648 1018 neo
665 965 756 1017 certo
775 963 970 1040 argumento
996 957 1151 1020 constitui
1169 959 1302 1044 poterit,

120 1013 139 1060 3
248 1051 361 1103 utrum
379 1037 550 1126 praestet.'
578 1037 620 1105 cf.
639 1039 857 1125 Oudendorp.
879 1040 919 1104 ad
944 1040 1032 1103 Caes.
1047 1040 1093 1138 Β..
1111 1043 1194 1128 gall.
1214 1047 1254 1124 2,
1270 1049 1300 1109 6.

247 1137 275 1190 et
294 1125 332 1188 ad
358 1130 397 1203 7,
414 1127 467 1188 46.
504 1126 658 1210 Vtraque
685 1123 796 1189 forma
820 1136 894 1212 apta
920 1124 1047 1189 videtur
1072 1129 1130 1205 irs,
1154 1151 1237 1214 quae
1263 1129 1302 1194 de

246 1211 453 1275 exstruendis
472 1211 629 1297 operibus
647 1211 697 1275 vel
713 1211 818 1274 muris
834 1211 885 1274 vel
902 1210 999 1274 fossis
1017 1211 1180 1278 dicuntur.
1213 1215 1300 1278 Haec

245 1295 640 1448 pppprssffippgitudinem
660 1297 758 1361 etiam
775 1297 1018 1384 perducuntur,
1041 1297 1077 1361 in
1094 1298 1299 1366 altitudinem
1316 1333 1317 1336 ¹

347 1519 378 1571 lu
387 1517 467 1570 Caes.
478 1519 512 1570 Β.
521 1517 589 1586 gall.
598 1515 657 1582 Ἆῤ.
676 1516 899 1572 οοάἰοοιοιιιιιιιει
920 1521 1044 1574 castrain
1053 1519 1191 1572 altitudine
1200 1519 1298 1588 pedum

312 1605 652 1671 duodecimvailosossaque
671 1604 951 1676 duodeuigintipedasn
960 1604 1146 1658 mauriceiulct.
1164 1603 1190 1668 1,
1199 1601 1226 1658 8.
1240 1621 1297 1658 mu·

310 1706 370 1741 ruas
382 1689 411 1739 in
424 1687 592 1740 altitudinem
606 1687 701 1755 pedum
714 1689 823 1740 sedecim
830 1693 983 1758 fossamque
995 1690 1121 1757 perducit.
1143 1687 1169 1753 i,
1184 1687 1228 1740 46.
1245 1705 1298 1742 me·

307 1775 351 1826 dio
368 1778 430 1842 scre
450 1773 514 1824 colle
530 1771 559 1822 in
574 1771 780 1841 longitudinem,
797 1780 827 1825 ut
842 1780 941 1836 nature
957 1775 1049 1840 montis
1070 1775 1171 1842 ferebat
1188 1801 1223 1831 ,-
1239 1791 1298 1825 mu-

310 1877 369 1911 rum
382 1885 417 1898 -
430 1857 624 1926 macducecant
642 1857 722 1908 Galli.
747 1856 781 1922 2,
798 1855 823 1907 1.
841 1859 952 1926 amplius
968 1858 1081 1910 millibus
1099 1875 1222 1927 passuum
1239 1865 1295 1912 ortu

307 1945 337 1996 in
352 1944 522 1996 latitudinem
536 1943 674 2010 patebant.
699 1939 763 1992 virle
779 1941 918 1993 Drulrenb.
934 1942 968 2014 ud
981 1941 1042 1995 lav.
1058 1939 1103 2007 38,
1117 1940 1160 2009 59,
1179 1942 1205 1996 6.
1223 1941 1295 1998 Pliu.

307 2028 382 2082 trist.
398 2045 424 2079 u.
439 2024 472 2102 li²
486 2025 537 2091 21,
552 2025 596 2077 32.
615 2027 725 2078 emunito
747 2027 799 2078 situ
815 2027 909 2091 iustu,
926 2029 953 2079 in
972 2028 1161 2098 longitudinem
1174 2029 1219 2084 ΙΙΙ
1230 2031 1294 2083 mill.

305 2131 377 2184 pass.
393 2115 420 2164 in
437 2112 601 2164 latitudinem
613 2104 707 2181 paullo
721 2112 816 2162 minus.

340 2213 541 2276 Existimabnut
556 2213 732 2283 grammatici
755 2213 809 2266 dici
823 2230 902 2281 posse
918 2220 968 2266 tres
980 2213 1060 2283 pedes
1073 2215 1101 2268 ia
1120 2217 1245 2286 longum
1264 2218 1293 2273 u

305 2300 398 2353 Iacob.
417 2299 570 2352 Gronovius
587 2299 615 2350 id
632 2298 770 2352 concludit
792 2316 826 2351 ex
848 2297 940 2350 vorbis
958 2299 1051 2350 Melae
1068 2299 1100 2364 1,
1116 2299 1160 2353 2⁰.
1187 2302 1290 2369 obliqua
1350 2331 1355 2340 =

304 2383 366 2438 turio
376 2381 455 2453 'regio
470 2392 497 2436 et
512 2385 541 2436 ic
557 2386 638 2436 latum
653 2385 751 2436 modice
761 2392 868 2452 potens:
886 2400 957 2452 quae
974 2383 1007 2442 ad
1023 2400 1056 2435 cu
1071 2383 1171 2436 referri
1183 2385 1290 2448 debent,

307 2470 342 2522 de
365 2469 463 2538 quibus
481 2487 530 2522 nos
546 2486 576 2521 u.
592 2467 635 2521 13.
678 2468 757 2535 Apud
776 2466 838 2521 Liv.
859 2466 962 2540 21,¹8‚
978 2468 1022 2519 11.
1040 2468 1107 2520 olim
1127 2468 1289 2537 legebatura

298 2561 403 2625 serrum
416 2563 502 2612 autem
517 2563 569 2608 tres
584 2555 613 2605 in
629 2555 739 2622 longum
761 2554 874 2616 nubebat
889 2554 976 2622 pedes.
1010 2552 1065 2606 Sed
1080 2553 1210 2605 meliores
1225 2552 1289 2607 libri

233 2685 239 2700 ,
299 2642 331 2697 ‚in
345 2640 492 2703 omittunt,
511 2644 542 2691 ut
550 2643 654 2706 serrum
674 2637 709 2689 sit
727 2637 900 2692 accusativus
923 2654 1010 2691 casus.
1043 2635 1162 2690 Saeculo
1183 2645 1289 2706 postre-

302 2742 347 2778 mo
362 2731 455 2778 tumen
469 2723 538 2774 illud
554 2721 639 2775 otium
652 2724 844 2792 usurpabatur.
926 2785 929 2794 .

315 2872 369 2934 52.
391 2869 564 2935 Adiectivis
584 2869 729 2968 praefixa
746 2872 948 2957 praepositio
965 2869 1090 2934 format
1113 2871 1286 2936 notionem

201 2967 204 2974 ’
232 2952 419 3032 medalem,
447 2979 530 3043 quae
554 2967 652 3020 etiam
686 2957 841 3022 adverbio
873 2957 1017 3043 exprimi
1048 2966 1174 3043 potest.
1222 2955 1284 3018 Hic

232 3060 309 3104 usus
325 3042 363 3104 ad
381 3044 505 3107 seriore
523 3043 667 3128 maxime
692 3053 846 3130 tempora
871 3045 1001 3121 attinet,
1023 3042 1057 3105 in
1081 3041 1197 3131 quibus
1219 3062 1285 3129 no-

231 3146 291 3190 vae
313 3125 443 3191 formae
464 3131 615 3193 inventae
645 3142 722 3191 sunt
755 3128 796 3192 ad
823 3128 1038 3202 minuendam
1068 3126 1198 3216 linguae
1227 3128 1283 3190 in-

231 3213 363 3298 opiam,
396 3225 452 3296 aut
479 3236 521 3278 ex
545 3235 661 3302 graeca
682 3213 794 3300 lingua
820 3215 1006 3277 translatae.
1050 3214 1166 3277 Graeci
1191 3211 1282 3293 euim

228 3299 260 3373 ἐς
276 3301 366 3380 μέσον
382 3299 551 3386 (Theogn.
562 3303 661 3378 679.),
676 3301 718 3374 εἰς
732 3293 845 3380 κοινόν,
863 3299 1046 3384 similiaque
1059 3298 1192 3364 habeut.
1227 3296 1281 3360 Sic

228 3385 349 3450 dicitur
364 3387 402 3450 in
416 3387 627 3460 uniuersum,
650 3385 688 3448 in
710 3395 836 3461 totum,
860 3385 898 3448 in
926 3406 1119 3464 commune,
1141 3385 1179 3448 in
1197 3381 1243 3469 pl
1261 3418 1281 3432 -

188 3539 192 3546 ,
226 3493 318 3536 nrum.
365 3472 545 3536 Sallustius
559 3469 635 3534 *iam
659 3471 698 3534 in
721 3472 834 3535 mains
859 3469 1029 3535 celebrare
1053 3469 1155 3548 dixit,
1189 3466 1281 3554 quod

225 3555 441 3644 Thucydides
459 3564 495 3638 1,
512 3564 566 3620 21.
587 3557 636 3628 un
656 3554 689 3620 cd
706 3561 807 3639 μεῖζον
829 3563 962 3641 κοσμεῖν.
1005 3556 1102 3640 Apud
1126 3555 1280 3620 Tacitum

226 3643 325 3708 etiam
341 3665 428 3708 nova
442 3643 603 3730 quaedam
618 3642 762 3707 iuvenies
771 3691 781 3724 ,
804 3642 892 3708 utin
910 3639 1105 3706 barbarum.
1177 3651 1179 3658 “

328 3779 478 3832 Arusianus
496 3779 603 3836 Mersus
624 3796 651 3846 p.
666 3776 726 3830 530.
750 3777 778 3834 in
796 3779 881 3830 maius
909 3775 1018 3831 audiuit
1034 3794 1081 3846 pro
1102 3776 1162 3844 plus
1188 3749 1277 3842 purim.

294 3864 373 3914 Cant.
396 3863 568 3932 Oudendorp.
591 3870 619 3916 et
644 3862 757 3915 (lortius
778 3863 813 3916 ed
837 3865 940 3917 Lucan.
961 3862 996 3927 1,
1017 3860 1060 3918 89.
1086 3858 1224 3913 Koelerus
1246 3857 1276 3912 in

291 3948 386 4002 Wollli
401 3952 523 4004 Analect.
541 3949 567 4001 4.
585 3967 611 4015 p.
628 3945 689 3999 332.

214 4071 216 4080 ’
322 4051 384 4104 uir.
399 4050 434 4116 9,
448 4052 498 4115 23,
515 4051 541 4105 8.
559 4069 613 4105 non
628 4050 797 4115 nominatim,
815 4050 860 4118 qui
884 4051 1004 4118 Capuae,
1022 4046 1066 4099 scd
1081 4047 1109 4097 in
1125 4045 1275 4097 conuersum

290 4135 334 4201 qui
349 4153 459 4206 usquam
473 4138 583 4192 coissent
595 4136 802 4190 coniurassentve
818 4136 939 4188 adversus
956 4149 1011 4185 rem
1026 4131 1167 4202 publicem,
1182 4127 1275 4202 quasti

854 4321 925 4365 ..ἱ

932 4401 937 4410 .
