2846 4724
175 405 178 410 ,
258 335 380 402 286³
472 333 474 336 ’
752 328 812 396 ΙΝ.
829 317 848 364 Ψ

215 495 219 504 ,
325 483 464 544 menenio.
496 481 568 538 Ptin.
582 479 655 535 nise
672 495 698 535 n.
713 480 764 551 lt,
779 481 886 551 25,60.
905 484 996 558 erria
1017 487 1128 542 aduentu
1149 491 1260 562 platano
1284 493 1313 548 in

327 576 413 628 oleam
427 577 539 626 mutata.
574 569 685 622 seston.
701 569 779 624 caer.
794 569 836 622 11.
852 571 897 638 qai
909 573 1097 642 proscriptione
1114 576 1145 629 ob
1168 578 1256 630 relata
1276 579 1314 630 ei·
1399 571 1401 576 ’

234 696 237 700 -
276 709 279 724 ⁴
319 660 390 714 oium
410 659 578 710 romanorum
594 655 685 723 capita
703 655 828 738 pecuniae
844 673 875 708 er
895 659 1175 729 aerarioaoaeperant.
1190 661 1232 715 ’2.
1252 664 1315 716 reli·

325 759 377 812 qna
390 741 487 794 militia
503 740 652 792 secundiore
659 744 740 807 fama
750 740 818 806 suit.
853 739 943 793 Tacit.
957 741 1028 813 Ana.
1042 740 1077 808 ὃ,
1092 741 1137 799 28.
1157 745 1227 799 dedit
1245 747 1314 812 iura,
1331 793 1339 802 ,

246 883 250 892 ‚
323 828 493 898 quisperant
508 823 628 892 principe
641 829 780 877 utaentur.

362 932 524 985 contractae
548 925 675 980 diationis
700 927 853 995 exemplum
875 927 1015 995 videmur,
1038 927 1087 980 nbi
1107 927 1262 986 nominibus
1285 933 1314 986 ia

327 1018 403 1072 hune
414 1014 528 1072 modum
546 1012 672 1064 formatis
686 1020 776 1066 tamen
787 1012 903 1082 ›ediitnr
919 1014 975 1077 ita,
994 1018 1024 1066 ut
1039 1013 1148 1068 aomina
1159 1014 1210 1069 itta
1222 1017 1315 1072 vinem

284 1144 286 1150 .
327 1097 522 1156 enuntiationis
538 1097 716 1150 secundariae
731 1087 879 1166 praestent.
914 1098 972 1178 Cic.
987 1098 1022 1152 ad
1037 1100 1118 1165 Fam.
1129 1098 1156 1166 5,
1172 1100 1198 1167 2,
1213 1099 1239 1154 4.
1258 1104 1315 1158 iana

325 1189 373 1241 irre
387 1168 441 1238 nin
451 1189 536 1254 potest
552 1173 580 1234 in
595 1191 622 1238 te
638 1201 689 1236 non
702 1185 843 1252 honorifice
855 1185 1039 1250 antedictam,
1054 1201 1095 1237 rna
1112 1184 1142 1238 in
1164 1186 1314 1240 clarissimis

326 1259 491 1336 meia'atpae
512 1269 788 1337 amplissimis‘rebaa,
816 1277 906 1322 tamen
930 1269 1042 1336 aliquod
1058 1269 1231 1322 testimonium
1256 1280 1315 1325 tuae

324 1355 391 1408 meir
407 1354 503 1406 iratere
516 1353 634 1404 uoluisse.
651 1351 669 1403 i.
684 1369 708 1404 e.
729 1369 813 1418 quum
833 1351 1003 1406 clarissimae
1024 1358 1107 1421 atque
1129 1353 1315 1422 amplissimae

323 1457 368 1494 res
383 1454 463 1491 meae
486 1441 584 1488 essent.
616 1422 717 1500 2,¹16,
734 1435 778 1488 15.
795 1438 824 1488 in
845 1438 1020 1490 communitae
1036 1439 1144 1490 miseriis
1158 1421 1315 1493 haerenae
1347 1443 1353 1448 “

325 1524 473 1580 oblectabar
489 1522 600 1590 spemin.
618 1519 637 1572 i.
652 1537 675 1572 a.
693 1524 858 1589 quanquam
875 1529 953 1575 erant
967 1520 1106 1576 miseriae.
1139 1541 1165 1592 p.
1182 1525 1254 1578 Mur.
1270 1525 1314 1592 16,

191 1677 194 1684 Ι
271 1609 274 1614 ’
324 1605 368 1662 64.
386 1607 436 1660 ubi
448 1604 554 1660 notavit
571 1604 733 1659 Matthiae.

344 1737 376 1797 6.
404 1731 466 1796 Hie
489 1729 586 1794 nobis
617 1728 913 1793 commemoranda
944 1739 994 1794 est
1018 1732 1216 1812 necessitasp
1250 1755 1316 1822 qua

258 1819 367 1892 Latini
381 1825 548 1904 eoguntur
565 1813 686 1880 addere
701 1815 982 1901 praepositionem
1005 1817 1170 1904 gerundiis
1187 1831 1220 1884 et
1236 1845 1316 1908 par-

259 1907 380 1993 ticipiis
396 1901 644 1989 futuiipassivi,
661 1900 778 1986 quibus
795 1901 994 1988 exprimitur
1010 1903 1133 1990 agenda
1151 1928 1214 1989 res,
1232 1930 1316 1993 quae

260 1991 340 2056 dum
359 1990 483 2078 agitur,
508 1987 595 2052 atiud
614 1987 691 2072 quid
709 1985 758 2050 fir.
800 1985 849 2051 Ita
868 1989 1065 2054 describitur
1081 1992 1218 2057 aetionis
1235 2017 1318 2058 eon-

153 2129 157 2140 .
259 2077 360 2153 ditio,
384 2075 433 2142 vel
453 2084 574 2151 status,
597 2074 649 2138 vel
672 2078 815 2159 tempus.
860 2073 1060 2162 Sedpotest
1083 2077 1197 2142 eadem
1221 2081 1315 2145 notio

249 2164 301 2247 *ad
335 2183 482 2229 caussam
509 2157 643 2239 referri,
681 2171 781 2246 quant
815 2157 974 2224 ablativus
1004 2161 1112 2226 nudus
1152 2163 1314 2252 designat.

258 2251 371 2332 Quare
389 2246 571 2313 cavendum
593 2254 660 2319 est,
681 2267 723 2308 ne
739 2266 816 2308 cum
832 2243 948 2310 Beiero
965 2246 1044 2334 (vid.
1060 2258 1173 2315 annot.
1189 2257 1229 2315 ad
1243 2253 1314 2319 Cio.

259 2337 301 2400 de
316 2335 383 2400 Off.
405 2341 435 2412 1,
451 2337 482 2398 9.
503 2356 537 2420 p.
554 2333 605 2396 64.
631 2337 663 2408 2,
682 2335 731 2408 18,
749 2335 801 2395 63.
827 2353 860 2418 p.
879 2331 965 2418 123.)
983 2334 1021 2398 in
1035 2344 1189 2420 putemus
1206 2338 1316 2402 abun-

258 2422 388 2488 dantiae
406 2419 508 2507 gratia
530 2418 713 2498 adiectum,
734 2417 789 2482 ui}
806 2419 899 2482 notio
916 2420 1068 2484 caussalis
1086 2421 1119 2484 in
1138 2425 1314 2490 notionem

259 2506 460 2574 conditionis
476 2506 543 2570 sive
559 2505 720 2591 temporis
736 2506 937 2585 mutataest,
959 2527 1024 2569 neu
1043 2526 1120 2569 eum
1140 2510 1213 2574 aliia
1226 2511 1314 2576 diea-

173 2655 176 2662 .
259 2609 356 2674 mus,
393 2592 521 2656 Livium
556 2613 653 2677 saepe
677 2587 836 2654 ¹omisisse
874 2591 1168 2678 praepositionem.
1226 2596 1315 2662 Nam

260 2681 358 2744 etiam
375 2675 533 2744 Matthiae
554 2686 660 2754 errat,
686 2697 789 2760 quum
807 2675 848 2739 ad
864 2676 936 2752 Cio.
959 2676 1066 2764 Epist.
1081 2684 1134 2758 st,
1152 2685 1202 2746 10.
1223 2693 1254 2746 et
1272 2683 1315 2748 ad
1421 2684 1422 2708 ¹

259 2765 355 2830 Catil.
373 2769 410 2840 8,
426 2768 464 2839 3,
481 2766 515 2826 6.
536 2769 682 2841 monet‚'
694 2762 893 2825 Ciceronem
908 2762 1078 2828 interdum
1102 2765 1139 2840 in
1163 2769 1313 2834 omisisse

234 2849 491 2939 ,iugerundi03
516 2847 605 2933 quod
631 2856 762 2934 tempus
779 2847 952 2913 indicaret.
996 2849 1088 2914 Idem
1112 2860 1225 2917 tamen
1247 2877 1315 2918 nu-

230 3009 231 3016 *
257 2960 321 3027 per
337 2937 436 3001 etiam
456 2931 634 3028 affirmavit
648 2933 842 3006 Wunderus
859 2932 898 2996 ad
918 2934 985 2998 Cic.
1005 2959 1039 3024 p.
1054 2935 1164 3000 Piane.
1188 2962 1224 3027 p.
1239 2943 1294 3005 80.

308 3045 318 3053 ’
361 3054 418 3109 cte.
437 3055 470 3107 de
484 3034 538 3104 Oif.
553 3052 580 3117 l,
594 3052 620 3118 6,
636 3051 663 3104 9.
677 3048 729 3121 fit,
750 3060 780 3106 ut
794 3053 955 3108 distrahatur
974 3056 1003 3108 in
1018 3056 1186 3110 deliberando
1202 3060 1315 3115 animur.

323 3141 359 3194 ad
377 3141 455 3195 Fam.
468 3138 537 3203 2,·(i‚
549 3139 575 3192 5.
592 3155 672 3206 neque
688 3140 757 3192 araim
771 3142 955 3205 armamitre,
973 3157 1007 3194 ne
1021 3141 1205 3195 sustineretur
1224 3145 1252 3218 in
1272 3163 1314 3198 nte

323 3227 364 3280 ael
378 3225 579 3280 innumerabilia
594 3241 646 3276 non
657 3240 775 3291 porsena,
795 3241 874 3292 quum
886 3227 1041 3294 praesertim
1064 3226 1234 3294 confiderent,
1252 3231 1314 3281 nal·
1421 3217 1422 3256 ³

234 3323 236 3330 ’
323 3310 376 3362 tam
391 3327 443 3363 esee
456 3310 592 3378 gratiam,
612 3325 691 3376 qaam
708 3308 749 3360 uel
761 3325 813 3360 non
827 3325 918 3378 capere
935 3311 1037 3362 animus
1059 3327 1131 3374 mene
1143 3312 1170 3364 in
1184 3313 1315 3384 arripien-

322 3395 357 3446 do
375 3396 416 3446 uel
430 3394 458 3444 in
470 3394 657 3445 remunerando
672 3393 805 3445 eamniare
818 3399 897 3461 atque
914 3395 1048 3446 itinerare
1066 3404 1160 3462 posset.
1194 3396 1229 3449 de
1252 3397 1315 3451 Fin.

323 3477 350 3543 2,
365 3476 390 3543 9,
409 3475 453 3530 20.
472 3478 593 3530 vitiorum
608 3485 646 3530 eet
662 3477 772 3529 enimin
787 3477 1036 3546 dividendopnrtam
1056 3478 1086 3530 in
1109 3497 1203 3549 genere
1222 3500 1314 3535 nante-

278 3553 285 3558 *
323 3578 397 3617 rare.
417 3561 444 3627 2,
461 3561 486 3626 1,
501 3560 526 3614 3.
549 3561 664 3630 Quintil.
680 3561 724 3626 10,
740 3561 766 3627 ὃ,
782 3561 825 3616 22.
844 3563 872 3614 in
887 3563 1019 3620 dictando.
1036 3562 1081 3628 12,
1094 3562 1121 3630 9,
1134 3565 1161 3619 l.
1179 3566 1208 3618 in
1229 3584 1316 3638 agen-

323 3648 366 3700 rio.
386 3653 414 3700 et
426 3663 508 3714 saepe
524 3647 600 3702 alias.

360 3747 437 3801 Caes.
453 3751 486 3803 Β.
506 3751 573 3820 gall.
591 3749 625 3814 2,
642 3748 686 3801 21.
711 3749 747 3800 ad
761 3749 827 3801 isaer
841 3749 967 3813 constitit,
989 3767 1022 3802 ne
1042 3748 1071 3801 in
1086 3753 1241 3819 quaerendis
1262 3754 1316 3806 eris
1421 3761 1422 3768 ’

215 3827 217 3838 ⁴
323 3835 466 3903 pugnandi
478 3841 579 3903 tempas
593 3833 737 3886 dimitteret.
765 3832 821 3886 cte.
835 3833 864 3886 in
880 3832 961 3887 cnut.
977 3832 1003 3898 ὃ,
1018 3833 1051 3898 3,‘
1059 3831 1086 3884 6.
1103 3827 1251 3890 tardissime
1265 3854 1316 3888 aa·
1421 3883 1422 3902 ,

322 3925 374 3970 tem
396 3917 519 3971 Lentulus
538 3921 625 3982 uenit,
642 3917 733 3980 medo,
751 3919 820 3985 qued
842 3919 870 3972 in
893 3919 988 3972 litteris
1009 3920 1106 3973 dandi·
1125 3927 1235 3991 praeter
1253 3939 1316 3972 ron·
1421 3927 1422 3930 ’

322 4003 482 4065 antudinam
494 4005 616 4072 prosim
629 4008 703 4074 noete
715 4001 852 4072 vigilaret.
885 4003 920 4056 da
937 4003 992 4058 Off·
1007 4003 1034 4068 1,
1049 4003 1075 4068 0,
1091 3999 1134 4056 28.
1150 4003 1178 4056 in
1199 4005 1316 4073 inseren-
1421 4005 1422 4050 ἶ

322 4085 358 4142 ria
376 4101 409 4136 ne
432 4086 473 4138 ani
494 4093 606 4140 noceant
620 4086 725 4140 inimic.
757 4085 984 4160 abiflouainger.
1011 4087 1077 4145 Alia
1097 4087 1316 4144 contumaees-

321 4167 424 4223 hardar
438 4168 473 4228 ml
487 4169 546 4224 Cic.
562 4169 640 4230 irael.
655 4169 682 4224 8.
698 4186 727 4239 p.
742 4165 786 4226 65.
