2902 4718
564 280 636 345 nv.
672 249 779 344 uve.
1137 287 1198 359 roa
1269 316 1272 325 ·

609 465 724 554 HV.

228 611 425 688 Forcellinus
441 616 483 679 ‘in
515 612 634 684 Lexico
654 612 751 685 haec:
772 632 840 694 viv,
862 601 903 692 d,
926 616 1107 684 interiectio
1129 619 1192 684 err-⁴

144 702 292 788 primens
316 723 455 776 sonum,
488 720 587 785 quem
618 701 689 788 quis
712 697 895 764 olfaciendo
929 703 1012 781 edit,
1038 704 1191 790 spiritum

143 785 278 850 naribus
305 784 521 864 attrahendo,
546 784 597 857 vel
621 807 687 878 quo
710 785 782 872 quis
807 782 969 872 significat
991 808 1026 850 se
1054 790 1191 856 odorem

144 871 388 958 deprehendere
410 892 446 935 ac
470 871 602 933 sentire.
645 871 749 946 Plauti
772 869 841 935 Mil.
871 871 903 950 4,
930 875 960 947 6,
985 873 1038 935 43.
1068 875 1189 954 nescio,

27 971 28 982 ¹
141 955 198 1020 aba
213 957 269 1020 laic
280 979 391 1050 prope
407 954 523 1031 adest,
543 976 640 1050 quem
661 965 779 1042 expeto
803 953 928 1022 videre.
952 955 1019 1018 ltu!
1037 956 1103 1020 bu!
1123 959 1190 1022 olet

136 1041 305 1132 prosecta.
349 1058 431 1104 PYR.
461 1036 631 1124 Nasopol
652 1039 725 1104 ium
745 1041 830 1108 liaeo
873 1039 987 1105 uidem
1003 1039 1094 1113 videt
1109 1042 1189 1128 plus

162 1149 246 1188 nam
269 1123 385 1194 oculis.
429 1123 516 1186 Haec
542 1122 585 1186 dc
609 1124 794 1190 coniectura
816 1063 965 1230 quierii
990 1124 1077 1191 dicta
1099 1129 1188 1190 sunt.

137 1149 200 1274 dle
225 1210 365 1278 enimin
383 1208 405 1280 S
434 1207 533 1291 icileg.
554 1231 587 1304 p.
607 1213 680 1274 758.
701 1211 796 1282 Grut,
818 1232 880 1298 pro
893 1211 972 1274 duic
991 1209 1077 1292 olet,
1097 1211 1188 1300 quod

121 1295 174 1364 ‚in
195 1294 340 1378 quodam
359 1229 472 1356 codice
489 1293 675 1374 invenerat,
695 1295 905 1359 scribendum
923 1297 1049 1364 censuit
1063 1297 1108 1360 hu
1126 1297 1185 1361 aa.

136 1369 224 1442 Hinc
251 1378 496 1440 Lindemannus
517 1377 596 1456 luti,
620 1377 689 1442 olet
711 1377 878 1466 profecto.
917 1384 965 1443 'At
992 1401 1096 1466 quum
1121 1402 1185 1446 ne-

139 1464 271 1526 cessitas
292 1461 477 1547 corrigendi
500 1461 589 1525 nulla
609 1462 804 1539 intercedat,
826 1487 886 1528 nec
907 1465 1066 1553 Hedorpii
1087 1467 1184 1532 codi-

139 1549 184 1622 cis
216 1548 444 1610 auctoritatem
478 1547 555 1610 satis
578 1551 745 1632 cognitam
767 1548 967 1633 habeamus,
995 1551 1183 1646 invulgata
1259 1619 1263 1627 ,

139 1634 301 1718 scriptura
317 1631 519 1720 acquiescere
533 1629 671 1708 decebiu

567 1820 733 1914 HVO..

217 1967 294 2034 ch
308 1963 539 2032 Lindemanno
555 1965 595 2030 de
610 1966 772 2033 Aduerbio
791 1975 821 2034 2.
843 1992 879 2056 p.
894 1973 928 2033 7.
949 1970 1036 2035 visus
1056 1977 1104 2032 est
1127 1990 1182 2033 ac-

140 2054 298 2116 cusativus
315 2049 442 2139 generis
460 2051 607 2114 neutrius
625 2074 712 2131 esse,
734 2054 823 2117 cuius
842 2053 975 2140 vestigia
998 2051 1103 2115 adbuc
1126 2073 1183 2116 su-

138 2139 264 2224 persint
291 2138 328 2202 in
358 2135 615 2224 pronominibus
648 2135 760 2216 istud,
789 2136 893 2214 illud,
938 2134 1053 2216 aliud,
1092 2135 1185 2220 eique

27 2279 28 2282 ,
139 2223 233 2289 adiici
256 2245 293 2287 ce
316 2221 629 2286 demonstrativums
649 2223 778 2287 lau-ce.
820 2223 948 2303 Quibus
966 2221 1043 2286 addi
1060 2232 1184 2307 posset.

138 2307 262 2399 vulgari
276 2326 429 2378 sermone
442 2306 507 2370 leuc
526 2328 588 2392 pro
606 2307 668 2380 hoc
686 2309 867 2382 accusativo
884 2308 1030 2374 neutrius
1055 2307 1183 2392 generis

27 2393 29 2402 ’
139 2393 358 2464 dictumesse,
401 2391 769 2478 vid20relliilnscript.
789 2395 884 2473 2488,
927 2393 970 2470 Et
997 2391 1063 2456 iam
1088 2389 1184 2462 Rud-

27 3595 29 3644 ὲ
138 3606 243 3683 quum
267 3583 395 3648 ablativi
418 3595 449 3648 et
473 3583 572 3648 dativi
590 3583 719 3650 formae
743 3606 866 3670 quomo

139 2477 333 2556 dimanans,
365 2475 466 2550 Tam.
488 2481 517 2547 2.
567 2481 666 2552 2319,
699 2477 854 2552 docuerat
879 2480 943 2554 lum
965 2476 1185 2548 accusativum

138 2553 251 2628 videri.
280 2560 334 2627 'At
361 2560 497 2646 vestigia
515 2499 571 2627 ilii
596 2560 732 2628 fallunt:
763 2587 839 2637 nam
866 2562 961 2640 istud
991 2563 1057 2636 sive
1090 2559 1183 2642 istut,

139 2648 281 2734 aequalis
299 2645 494 2711 nominativi
512 2657 543 2710 et
559 2648 732 2713 accusativi
756 2647 885 2731 forma,
909 2671 951 2712 ex
973 2647 1035 2711 hac
1059 2645 1183 2709 Linde-

139 2732 294 2816 demanui
321 2733 601 2802 demonstratione
631 2731 716 2804 nihil
745 2733 861 2814 habet,
895 2755 964 2820 quo¹
987 2730 1118 2818 differat
1141 2731 1181 2796 ab

134 2817 303 2902 ablativo,
332 2817 397 2888 nisi
422 2814 571 2888 vocalem
594 2819 798 2887 mutabilem.
849 2819 915 2892 Sed
937 2818 1024 2891 haud
1048 2815 1181 2886 infirmo

138 2915 270 2972 utemur
286 2901 529 2984 *fundamentm
554 2903 581 2966 si
605 2925 681 2970 eum
703 2906 773 2971 aliis
788 2905 997 2978 statuerimus
1021 2904 1086 2970 hac
1111 2925 1183 2968 esse

138 2987 329 3058 adverbium
363 3010 379 3051 e
408 2985 504 3052 dativi
539 2986 648 3058 forma
680 2988 903 3077 desumptum,
951 2988 1060 3059 Dativi
1093 2983 1183 3061 enim

138 3073 250 3141 forma
271 3071 348 3140 ltoic
373 3073 501 3137 transiit
529 3083 561 3136 et
580 3072 616 3142 iu
640 3073 720 3154 brac,
750 3085 786 3140 ut
812 3075 978 3140 dicebatur
1004 3074 1093 3140 cistas
1117 3095 1182 3158 pro

138 3181 235 3238 uaris,
258 3157 368 3232 ioidos
383 3179 446 3244 pro
464 3155 561 3231 ludos
576 3157 655 3244 (vidi
669 3159 861 3234 Schneideri
878 3161 991 3230 Gram2
1012 3165 1040 3223 1.
1065 3181 1100 3244 p.
1117 3155 1183 3244 83.)

139 3243 334 3324 etinheim,
354 3241 436 3306 sicut
451 3243 529 3329 quoi
543 3242 668 3308 factum
686 3256 734 3308 est
761 3245 827 3310 cui.
870 3244 1004 3309 Dativus
1027 3265 1105 3316 vero
1131 3242 1184 3314 di-

136 3330 320 3404 rectionem
346 3330 394 3392 rei
421 3329 563 3414 agendae
595 3340 628 3392 et
652 3331 782 3413 locum,
814 3349 881 3417 quo
913 3329 991 3415 quid
1022 3329 1184 3415 dirigitur,

137 3413 317 3512 significat,
337 3412 618 3499 quemadmodum
642 3413 780 3480 dicimus
803 3415 895 3480 coelo
918 3417 980 3479 ire.
1023 3415 1091 3478 Nec
1119 3414 1185 3476 mi-

136 3521 213 3566 rum
230 3497 334 3564 videri
351 3510 477 3596 potest,
501 3509 624 3563 veteres
641 3501 771 3564 Latinos
792 3503 853 3565 hoo
870 3521 939 3650 tqrro
965 3500 1030 3563 laec
1055 3498 1184 3573 dixisse,

388 3585 393 3596 '
871 3600 913 3649 'o
933 3584 973 3648 ad
1000 3603 1102 3647 unam
1127 3603 1184 3645 ra-

138 3679 267 3735 tionem
284 3679 316 3732 et
332 3670 495 3756 originem
508 3681 715 3752 revocentur,
730 3691 829 3735 nemo
846 3693 917 3736 non
932 3669 1072 3756 ignoret.
1108 3663 1185 3730 Hdc

140 3755 243 3844 igitur
259 3765 294 3841 et¹
305 3753 367 3818 boc
384 3754 536 3821 adverbia
551 3753 634 3821 facta
648 3767 725 3821 sunt
736 3779 782 3821 ex
803 3757 896 3837 baio,
918 3776 980 3818 nec
1005 3751 1185 3838 quidquam

142 3843 274 3920 obstat,
297 3840 376 3924 quin
392 3842 490 3906 etiam
506 3841 686 3909 secundum
702 3843 854 3928 antiquae
869 3842 998 3926 linguae
1020 3838 1185 3902 rationem

140 3936 322 4010 utrumque
339 3923 379 3990 ad
395 3925 571 4000 ablativum
589 3927 780 3998 referamus,
823 3928 873 3994 lta
888 3945 957 3987 non
976 3923 1076 3987 modo
1092 3923 1184 3996 illac,

142 4011 314 4078 sedetiam
333 4007 394 4076 atto
418 4011 613 4098 opponitur.r
652 4013 739 4080 Haec
762 4014 827 4079 iam
848 4009 1036 4074 Perizonius
1061 4029 1186 4094 cogno·

142 4095 190 4164 vit
205 4094 247 4164 ad
265 4096 387 4164 Sanctii
404 4097 487 4173 Min.
507 4095 550 4163 T.
568 4101 598 4162 1.
617 4101 733 4173 otoo.
777 4092 875 4164 Gonf.
892 4111 976 4173 Qv0.
1006 4175 1008 4179 ι
