2846 4724
603 313 661 381 m.
872 348 873 354 ι
1022 269 1026 284 ’
1105 316 1170 384 sos

180 471 209 521 u
238 466 351 522 auam
373 466 402 518 a
425 483 471 521 uu
494 466 551 520 cu.
569 468 644 522 Ριιι.
667 469 701 535 ι,
725 452 825 534 s,·1's.
849 467 940 524 usare.
964 455 1032 523 uin.
1054 467 1104 536 ιι,
1126 467 1185 525 aa·

182 554 266 608 laur.
290 551 371 605 Valla
387 550 419 617 3,
434 550 459 606 8.
486 551 544 606 eine
566 571 662 608 caussa
683 554 844 624 distinguit,
875 553 927 619 „iu
949 571 1104 620 marmore,
1128 554 1172 608 iu·

182 640 295 712 quiens,
320 635 425 690 incisae
445 643 507 690 suut
528 637 655 705 litterae,
678 657 731 692 nou
757 640 786 693 iu
809 657 946 692 marmora
970 655 986 692 e
1008 640 1117 694 diverso
1138 638 1168 695 in

180 742 246 790 aee,
264 740 317 778 rou
332 721 362 774 iu
377 738 450 774 aere.
462 725 480 752 ‘⁶
515 723 627 789 Referre
641 727 668 777 iu
689 727 852 788 rationibus,
869 726 897 776 iu
919 725 1015 776 tcbulcb
1029 730 1056 778 et
1077 727 1105 777 iu
1122 745 1170 780 ro-

178 812 276 876 claua,
299 810 329 862 iu
344 807 468 861 tubulos:
487 823 570 877 quam
591 809 739 864 dictionem
762 808 886 878 exposuit
907 809 1041 862 Goereuu.
1059 809 1093 862 ad
1112 809 1169 867 cta

181 894 292 956 deliin,
310 891 345 956 5,
367 890 419 956 at,
440 891 484 944 92.
509 893 566 946 Cic.
583 912 610 962 p.
627 895 685 948 Pir.
701 894 745 959 38,
763 895 807 947 92.
824 903 853 949 ut
874 903 953 959 esset,
972 896 1040 964 quad
1062 894 1093 947 iu
1114 897 1171 949 tant

178 988 342 1050 tropaeorum
358 977 464 1032 inscribi
479 979 606 1046 incidique
617 987 711 1049 poscet.
746 979 853 1033 Gellius
871 979 914 1043 11,
927 979 970 1043 18,
986 978 1011 1031 3.
1032 979 1171 1032 decemuiri

181 1073 271 1120 autem
295 1062 378 1116 uoetri
393 1088 429 1102 -
447 1061 474 1115 iu
494 1063 626 1116 duodecim
649 1065 743 1116 tabulis
765 1066 931 1134 scripserunt·
966 1064 1013 1119 Sic
1035 1065 1120 1119 etiam
1143 1065 1170 1118 iu

96 1185 101 1196 .
181 1149 312 1204 eontentio
335 1147 430 1200 addere
460 1146 532 1214 opud
556 1147 668 1202 Sallust.
691 1149 751 1203 Cat.
774 1149 827 1214 51,
844 1147 888 1202 21.
919 1156 947 1203 ot
968 1151 996 1202 iu
1016 1150 1170 1203 auctentica

182 1233 257 1302 apud
279 1231 356 1286 alios.
397 1231 429 1283 lu
450 1231 500 1285 illo
521 1233 646 1303 intellige
670 1234 830 1287 senteutiam
857 1234 1042 1300 declaratum,
1067 1234 1096 1288 iu
1117 1236 1171 1288 hoc

180 1324 274 1371 autem
294 1316 497 1382 declarandam.
541 1317 594 1370 vid.
619 1318 743 1372 liritciua
765 1320 800 1374 ud
824 1317 935 1372 Sallust.
959 1319 1064 1374 locum:
1093 1319 1171 1374 cuiue

182 1401 237 1456 viri
253 1401 433 1455 subtilitatem
448 1403 576 1470 equidem
601 1420 654 1456 uou
678 1421 810 1473 assequor
832 1402 861 1456 iu
879 1421 929 1466 co,
956 1405 1031 1474 quod
1050 1405 1085 1458 od
1106 1407 1169 1475 lug.

181 1484 215 1550 4,
238 1486 263 1541 o.
288 1486 424 1542 existimat
451 1487 506 1542 dici
527 1505 607 1557 posse
630 1491 714 1559 plebis
740 1491 777 1540 oie
800 1489 916 1556 disperso
940 1489 970 1540 iu
993 1491 1171 1544 multitudiue·

181 1571 281 1640 Vtique
304 1588 357 1624 nou
382 1580 479 1648 potest.
513 1574 569 1626 Sed
590 1590 689 1626 nomeu
713 1573 887 1626 multitudiuis
911 1589 965 1624 uon
990 1575 1024 1625 ad
1047 1577 1171 1645 dispersa,
1229 1632 1231 1638 ,

181 1659 230 1709 sed
245 1657 279 1709 ad
294 1657 382 1711 verba
400 1675 471 1727 quae
485 1664 634 1725 sequuntur
644 1660 728 1712 miuus
739 1665 841 1728 poterut
858 1662 934 1709 recte
950 1659 1107 1713 referebant
1122 1657 1172 1712 alii

183 1740 290 1805 critici,
314 1759 365 1795 uec
386 1745 465 1796 obesi
490 1751 589 1798 natura
606 1741 734 1798 vocabuli
756 1745 880 1812 disperso.
914 1743 1087 1810 Bactraque
1105 1761 1171 1796 con-

182 1826 332 1880 structione
356 1829 505 1880 verborum
527 1829 660 1881 succedere
687 1831 716 1882 iu
740 1829 876 1880 oousalotu
899 1819 930 1880 'et
951 1829 980 1879 iu
1009 1830 1171 1882 consulatum

182 1909 332 1966 Burmann.
359 1911 394 1966 ad
415 1911 526 1965 Sueton.
549 1913 629 1966 Caco.
648 1911 692 1965 21.
717 1912 750 1964 de
772 1911 864 1964 verbio
885 1913 1008 1982 grassari
1032 1914 1061 1966 iu
1083 1915 1171 1982 aliquo

184 2002 212 2050 et
227 1997 253 2050 iu
265 1996 382 2066 aliquem
396 1995 552 2049 Beueclius
566 1997 600 2052 ad
615 1997 713 2055 lustin.
726 1995 779 2062 38,
796 1995 829 2062 3,
849 1997 874 2050 1.

216 2101 320 2154 Errant
333 2099 576 2170 vehementerqui
593 2101 622 2156 iu
639 2085 737 2154 ciuilio
755 2118 809 2154 esse
829 2116 879 2168 pro
897 2099 996 2152 auxilio
1018 2116 1072 2152 erse
1097 2097 1171 2152 acci·
1285 2115 1287 2131 ·

130 2194 140 2224 .·
175 2185 280 2256 piuutc
306 2191 334 2238 et
357 2185 428 2254 quod
450 2185 606 2239 Beueokiue
634 2187 670 2242 ad
690 2185 786 2240 lustin.
808 2182 843 2250 5,
859 2185 902 2238 11.
928 2185 1012 2239 afl'ert
1033 2201 1067 2237 ex
1086 2181 1172 2237 Plinii

183 2271 257 2325 lliot.
277 2287 304 2351 u.
320 2263 371 2335 29,
390 2268 424 2338 4,
440 2269 483 2325 24.
500 2271 604 2342 legitur
625 2271 655 2324 iu
671 2271 805 2324 auxilium.
840 2269 918 2344 Nam¹
935 2271 1063 2324 ancilium
1085 2268 1171 2322 etiam

184 2355 358 2425 significabat
373 2357 514 2412 cohortem
532 2355 716 2410 auxiliarium.
743 2361 774 2408 ut
789 2356 861 2423 apud
877 2357 952 2408 Curi.
970 2353 996 2419 3,
1010 2357 1037 2418 1,
1051 2353 1077 2407 8.
1098 2352 1171 2420 apud

184 2438 275 2493 Tacit.
289 2438 357 2492 Anu.
372 2437 399 2506 o,
415 2440 459 2494 31.
478 2441 572 2512 lustin.
592 2439 619 2507 5,
638 2441 681 2506 11,
698 2439 740 2492 10.
759 2442 787 2492 iu
803 2457 833 2492 eo
854 2441 953 2509 proelio
975 2440 1061 2492 decem
1083 2440 1172 2492 millia
1257 2456 1261 2465 ¹

187 2524 347 2578 Graeconcm
366 2526 396 2577 iu
417 2526 515 2578 auxilio
538 2527 598 2594 Cyri
614 2529 701 2593 suere.
736 2523 858 2578 Frontis.
873 2521 905 2589 3,
927 2524 960 2589 9,
983 2523 1026 2576 10.
1051 2525 1171 2599 Rhodiis,
1218 2530 1221 2533 '

186 2625 249 2678 quus
265 2609 405 2670 inauxilio
419 2611 539 2664 babebat.
573 2609 599 2676 2,
613 2611 639 2678 i,
654 2610 680 2664 8.
699 2611 726 2676 3,
741 2609 767 2676 3,
783 2610 809 2662 i.
829 2608 944 2663 Codices
962 2607 1113 2662 alibruriis
1128 2607 1170 2662 iu·
1257 2627 1264 2632 ·
1307 2665 1314 2680 .

186 2693 275 2770 dootie
293 2692 451 2760 interpolati
469 2694 498 2748 iu
519 2694 552 2759 2,
570 2695 663 2761 3,13.
684 2695 828 2749 exhibsnu
860 2697 973 2749 Gauron
996 2697 1171 2749 Lacedaemo·

185 2780 248 2831 uiuo
263 2780 384 2848 quamius
401 2780 500 2832 auxilio
519 2782 657 2850 Aegyptiis
676 2784 797 2835 odoersus
813 2782 908 2833 Persae
924 2782 1041 2836 acuisset.
1074 2780 1106 2832 ld
1127 2785 1172 2833 ta·

186 2879 249 2916 men
264 2861 575 2931 probaritOudeudorp.
590 2865 625 2917 ad
634 2867 712 2918 Caes.
722 2867 756 2920 B.
764 2865 832 2934 gall.
845 2864 872 2928 3,
882 2865 925 2916 11.
942 2865 989 2918 ubi
1005 2866 1063 2918 cod.
1079 2871 1171 2934 petav·

185 2948 231 3003 ubi
244 2948 273 3001 iu
289 2949 386 3005 cucilla
406 2966 423 3000 a
438 2949 531 3018 Belgio
546 2951 661 3006 arcessiti
676 2951 835 3004 dicebantur.
861 2949 946 3002 etiam
965 2952 1000 3005 ab
1023 2968 1117 3003 errore
1135 2949 1172 3003 li·

185 3031 283 3087 brarii.
323 3032 402 3099 Apud
423 3033 540 3085 Florum
560 3031 593 3096 3,
610 3033 645 3098 3,
667 3032 709 3086 18.
735 3052 751 3086 e
774 3034 850 3088 codd.
874 3035 1049 3090 restituaturr
1068 3051 1169 3099 mouns,

188 3136 255 3186 quoe
277 3119 351 3185 pomi
373 3119 402 3170 iu
423 3119 539 3170 subsidio
561 3118 671 3171 Noricos
694 3120 823 3172 imede'rot
841 3120 950 3188 Alpium
972 3110 1110 3197 tumulae*
1137 3119 1172 3172 lu

187 3205 319 3278 pracsidio
332 3205 427 3260 babere
443 3202 512 3258 dixit
525 3203 585 3256 llal.
600 3205 672 3259 illex.
692 3205 719 3269 3,
732 3204 758 3269 2,
774 3203 816 3258 12.

204 3323 260 3390 lV.
282 3326 410 3390 Accedo
431 3325 470 3400 ad
489 3326 706 3393 accusativum
725 3346 847 3391 casum.
890 3324 931 3390 Ei
954 3325 1172 3413 praeponitur

120 3405 160 3474 io
175 3410 214 3476 ad
238 3423 367 3478 motum
383 3412 614 3491 indicandum,
659 3434 702 3475 uo
718 3432 819 3496 quum
835 3410 1050 3494 otiamhanimi
1065 3413 1172 3477 actio·

119 3514 183 3560 aes.
197 3495 367 3586 designare
380 3498 563 3580 soleamus,
584 3435 759 3586 muiriplex
776 3499 923 3568 nascitur
941 3519 1028 3566 usus.
1130 3519 1144 3584 Ι·

207 3630 237 3689 1.
262 3625 339 3706 Quo
354 3627 389 3690 in
408 3647 469 3690 usu
485 3626 632 3714 primum
659 3624 870 3690 observamus
894 3625 1092 3703 introitum,
1113 3643 1172 3688 ve·

120 3705 183 3770 luti
207 3710 352 3776 introire
374 3713 413 3776 iu
435 3712 589 3780 alienam
613 3705 751 3774 domum
771 3711 875 3775 Plaut.
901 3710 973 3782 Mil.
994 3711 1034 3791 4,
1058 3711 1097 3790 4,
1120 3714 1172 3775 52.
1284 3737 1286 3744 ’

122 3792 187 3856 Vbi
205 3818 282 3859 vero
298 3797 379 3862 haec
396 3798 487 3861 notio
505 3797 606 3862 verbo
625 3799 702 3864 satis
718 3797 918 3873 declaratur,
945 3797 1044 3861 etiam
1062 3794 1177 3858 omitti
1227 3853 1229 3860 ,
1258 3795 1261 3800 ’

122 3882 246 3965 poterit
264 3885 476 3980 praepositio.
512 3883 618 3948 Latini
636 3894 760 3948 veteres
775 3893 885 3948 tamen
903 3883 1084 3952 omiserunt
1101 3902 1174 3944 eam

120 3976 253 4030 tautum
270 3990 303 4031 m
321 3969 512 4035 nominibus
529 3969 661 4039 urbium
679 3981 711 4036 et
731 3969 765 4034 in
783 3967 972 4044 nominibus
998 3964 1117 4032 domus
1140 3975 1174 4029 et

122 4073 201 4130 rua,
226 4054 359 4138 quando
376 4075 445 4118 nou
461 4055 591 4131 iocum,
614 4055 670 4120 sed
689 4053 872 4123 aedilicium
895 4063 925 4116 ot
942 4051 1052 4119 viliam
1069 4050 1173 4139 sigui-

123 4133 279 4236 ficabaut.
323 4139 409 4205 Nam
425 4142 497 4228 ipsa
512 4139 649 4208 nomina
665 4141 871 4230 oppidorum
887 4140 915 4206 si
932 4159 994 4229 pro
1010 4137 1092 4204 locis
1114 4158 1172 4202 ao-
