2846 4724
629 321 685 392 IN.
1118 339 1192 446 ⁸aar

234 473 376 530 Iustinian.
394 463 459 530 cot.
475 471 501 538 9,
514 470 540 538 9,
554 470 598 528 31.
619 495 697 545 qnam
711 476 753 530 aia
765 476 839 529 nebit
853 478 1022 544 inseminata
1042 485 1106 540 airis
1123 465 1189 558 pcr-

152 611 153 616 ,
196 572 342 626 recturam,
368 561 431 628 qaid
450 560 572 628 capiatur
594 561 637 612 nti
656 577 730 614 sasas
748 563 868 631 perdidit
891 564 999 618 tecam?
1019 567 1039 620 i.
1054 585 1078 623 e.
1102 587 1187 636 qnam

196 648 241 700 vir
256 645 335 699 nubit
348 644 436 698 instar
453 644 573 698 feminee
589 662 619 697 ae
632 643 699 698 viris
716 645 867 700 dedituros.
895 648 951 701 Sed
967 651 1186 710 cod.'1'heodos.

195 731 222 796 9,
237 731 261 784 t.
283 731 318 783 ad
331 729 400 799 Lag.
415 730 467 783 lul.
485 730 520 783 de
535 730 652 784 adulter.
669 732 699 782 in
707 731 813 800 semina
827 733 929 786 nabere.
1029 755 1037 766 ·

210 883 264 948 43.
285 882 540 947 Recentissimae
557 882 670 946 aetatis
696 882 874 970 scriptores
891 885 1078 971 adiectivis,
1100 909 1184 976 ques

125 968 317 1055 qualitatem
334 966 481 1032 hominis
498 967 615 1033 vel·rei
629 968 793 1049 indicant,
816 966 935 1035 addere
950 972 1103 1038 solebant
1118 997 1185 1039 no-

123 1075 206 1118 men
225 1065 301 1116 cum
317 1054 564 1151 praepositione
580 1054 636 1131 in,
660 1063 697 1116 ut
718 1053 959 1138 significarent,
985 1081 1085 1143 quem
1102 1082 1182 1124 mo-

123 1140 207 1201 dum
231 1139 299 1201 sive
323 1159 467 1224 speciem
487 1140 662 1224 attingeret
684 1137 740 1202 illa
759 1141 908 1224 qualitas.
956 1143 1027 1207 Vid.
1045 1142 1182 1208 Ouden-

121 1223 223 1309 dorp.
239 1223 282 1304 ad,
296 1222 425 1309 Apulei.
449 1223 530 1288 Met.
554 1247 588 1312 p.
604 1228 660 1287 22.
702 1223 773 1287 Nos
799 1225 956 1291 Germani
978 1227 1013 1292 id
1037 1228 1188 1294 dicimus·

117 1307 286 1372 vocabulo
302 1309 393 1372 nach
409 1317 487 1394 post
500 1308 741 1372 substantivum
762 1311 885 1398 posito·
930 1314 1063 1380 Veteres
1087 1313 1180 1381 Lati-

117 1393 165 1465 ni,
174 1391 353 1458 ablativum
368 1393 496 1457 nudum
512 1402 722 1481 posuerunt..

221 1526 355 1595 Apuleius
369 1528 436 1580 Met.
452 1529 479 1581 1.
496 1548 523 1599 p.
538 1526 600 1595 104,
614 1529 641 1582 2.
667 1528 779 1598 poeria
801 1530 938 1585 moltitiem
963 1531 1068 1586 deonas
1086 1533 1177 1610 insar-

186 1612 240 1682 ga.
261 1629 286 1679 p.
300 1613 368 1680 111,
385 1613 412 1666 2.
436 1615 608 1686 argentorat
630 1617 697 1669 citra
719 1614 837 1668 aemalra
863 1617 891 1668 in
911 1617 1028 1674 wionem.
1048 1616 1067 1670 i.
1086 1634 1111 1672 e.
1129 1620 1177 1672 der

186 1695 270 1750 Facta
285 1698 362 1750 nacte.
998 1711 1000 1716 ·

201 1849 255 1913 44.
271 1847 420 1914 =Nomen
438 1851 556 1948 partis
581 1871 657 1915 cum
681 1848 930 1996 praepositione
962 1849 1000 1914 in
1031 1850 1175 1914 coniun-

114 1942 209 1999 ctum
241 1933 391 2008 eamdem
420 1935 693 2022 significationem
722 1957 764 2000 ex
791 1934 857 1999 ibet
884 1937 1066 2000 accusativo
1098 1957 1174 2001 casu

115 2040 218 2105 quam
236 2019 391 2085 ablativa.
437 2023 551 2100 Quare
570 2022 608 2085 in
622 2033 800 2106 utramque
824 2030 981 2104 partem,
1002 2043 1173 2107 magnam

114 2105 156 2170 in
165 2117 324 2191 partem,
348 2103 438 2172 idem
455 2117 503 2170 est
520 2104 609 2192 quod
626 2107 663 2170 in
680 2113 823 2192 ucraque
832 2115 938 2189 parte
948 2152 958 2185 ,
982 2097 1122 2202 magna.
1134 2106 1173 2170 in

83 2265 86 2274 Ι
110 2202 237 2276 parte,
260 2190 359 2254 etiem
384 2193 441 2256 nbi
463 2192 602 2258 verbum
628 2214 697 2255 non
722 2211 906 2270 secessum,
928 2211 989 2252 nce
1013 2189 1172 2254 effectum
1276 2227 1282 2232 ·

113 2275 287 2361 significat.
337 2276 517 2344 Dicebatur
539 2278 637 2342 etism
671 2277 709 2340 in
732 2287 873 2363 partem
906 2296 967 2362 pro
992 2298 1034 2339 cx
1069 2287 1171 2362 parte.

114 2363 232 2426 Cicero
260 2362 560 2451 incompertam
585 2362 734 2452 scripsit,
761 2360 821 2440 nbi
843 2361 1042 2448 posteriores
1067 2363 1105 2426 in
1129 2361 1170 2428 id

110 2448 332 2536 scripsissent.

217 2582 277 2637 cic.
297 2582 331 2636 ad
347 2583 403 2637 stt.
419 2579 454 2647 3,
475 2581 519 2636 21.
543 2573 576 2638 te⁸
592 2600 654 2649 arc,
673 2587 717 2648 a,
742 2582 765 2634 si
786 2581 849 2650 quiri
868 2582 922 2635 'crit
942 2583 1009 2650 quod
1026 2583 1170 2652 perspicias

177 2685 361 2737 chnecamqne
382 2668 413 2720 in
427 2675 545 2737 partem,
564 2685 643 2738 qaam
660 2667 813 2737 planissime
835 2669 871 2721 ad
884 2684 926 2720 nce
943 2669 1046 2720 scribas.
1081 2667 1124 2731 11,
1142 2666 1169 2722 6.
1280 2719 1284 2734 ,

181 2752 317 2805 Brundisii
340 2752 424 2805 iacere
452 2753 482 2805 in
506 2769 594 2806 amnes
618 2761 707 2822 partes
734 2758 773 2805 cst
792 2752 935 2812 molestare.
978 2751 1013 2806 ad
1035 2751 1115 2804 Fam.
1138 2749 1166 2816 4,

177 2835 221 2902 19,
233 2834 260 2887 3.
285 2835 337 2901 13,
351 2836 387 2900 1,
404 2833 430 2888 4.
454 2837 484 2889 id
499 2839 567 2906 quoa
588 2855 645 2890 ntea
665 2837 811 2906 intelliges,
833 2843 879 2891 tna
901 2837 1002 2890 nattam
1019 2836 1048 2887 in
1063 2841 1167 2905 partem

177 2922 289 2973 mattam
301 2921 434 2987 interesse,
455 2923 494 2974 ita
507 2922 573 2974 mihi
587 2923 631 2974 dee
647 2928 700 2974 etc.
733 2920 822 2976 Vatia.
833 2903 874 2972 iad
893 2920 950 2974 Cic.
963 2919 999 2986 5,
1014 2920 1065 2987 19,
1083 2919 1126 2976 10.
1141 2929 1166 2975 te
1203 2957 1206 2964 ·

178 3022 244 3075 rogo
259 3031 295 3046 -
312 3024 353 3058 me
368 3007 417 3059 tibi
431 3007 460 3057 in
475 3023 562 3058 amnes
575 3014 667 3076 partes
683 3005 871 3071 defendendam
886 3011 969 3072 putes.

212 3123 268 3178 cic.
283 3125 317 3176 de
335 3123 389 3176 off.
405 3123 431 3188 3,
447 3123 491 3187 23,
507 3121 550 3176 89.
570 3123 597 3174 ia
611 3132 749 3192 atramque
768 3129 870 3190 partam
888 3122 1015 3190 disputat.
1034 3117 1062 3187 2,
1076 3120 1102 3186 o,
1119 3119 1163 3174 19.
1208 3177 1214 3195 ,

25 3253 28 3262 ,
78 3253 80 3256 .
175 3207 202 3272 2,
217 3209 261 3273 12,
276 3207 318 3263 43.
341 3210 375 3261 de
392 3208 536 3261 contrariis
554 3207 694 3274 exemplis.
730 3207 764 3257 de
784 3203 845 3258 Fin.
866 3205 893 3271 3,
909 3203 992 3270 4,12.
1010 3195 1055 3272 pai
1074 3205 1163 3257 omnia

175 3293 212 3344 sic
226 3301 418 3361 exaequarunt,
435 3301 464 3347 at
476 3295 505 3346 ia
520 3300 774 3360 utramquepartem
790 3291 828 3341 ita
847 3290 927 3357 paria
949 3291 1102 3354 redderent,
1122 3291 1163 3342 nti

175 3377 251 3430 neila
273 3379 403 3432 selectione
424 3385 567 3431 uterentur.
603 3374 709 3441 csoff.
726 3375 759 3439 1,
772 3374 824 3442 23,
840 3372 884 3427 81.
910 3375 1080 3438 constituere,
1097 3374 1160 3441 quit

176 3463 291 3514 accidere
305 3466 387 3539 possit
403 3465 432 3515 in
450 3467 714 3530 utramquepartem.

212 3579 270 3640 cic.
283 3582 317 3634 de
335 3581 429 3646 otta,
444 3579 487 3644 13,
502 3577 545 3633 46.
556 3553 688 3648 facillime
705 3585 731 3630 et
749 3577 778 3628 in
800 3578 925 3647 optimam
941 3582 1043 3644 partem
1065 3593 1161 3644 cogere·

173 3674 278 3717 scamas
301 3669 490 3732 adolescentes,
511 3665 555 3733 qai
573 3681 599 3716 se
621 3663 755 3726 adstaret
773 3669 797 3714 et
816 3663 945 3734 sapientes
963 3659 1032 3711 airas
1047 3685 1081 3696 -
1099 3677 1160 3710 can-

174 3751 299 3806 tulerant.

206 3866 350 3935 Inscriptio
366 3865 436 3934 apud
454 3867 587 3918 Mutatur.
604 3861 665 3928 58⁷,
681 3861 709 3916 2.
729 3855 951 3916 Oreum-4041·
972 3876 1159 3912 anciran-rores

172 3968 311 4004 rvnnraan
333 3967 364 4002 rr
385 3937 506 4004 einana
522 3965 627 4003 nonest
649 3965 808 4002 snnnnnrr.
842 3948 934 4000 Plaut.
950 3947 996 3997 As.
1013 3945 1047 4007 3,
1061 3943 1096 4008 3,
1114 3945 1158 3997 89.

169 4039 267 4106 agesis·
277 4044 308 4089 ta
323 4038 351 4087 in
363 4043 468 4106 partem
483 4053 551 4088 nanc
566 4036 622 4089 iam
639 4036 710 4090 hanc
725 4036 825 4090 deiude.
842 4031 861 4086 i.
877 4049 900 4084 e.
920 4026 992 4085 sacci
1010 4027 1111 4100 μέρος,
1128 4029 1157 4084 in

172 4138 251 4175 snam
264 4126 383 4190 partem.
