2902 4718
503 341 504 350 '
578 333 769 424 ruciaco
871 447 873 454 Ι
1099 371 1103 378 ·
1130 367 1187 428 171

231 516 262 576 2.
284 509 356 576 Vna
375 521 424 574 est
438 508 521 592 ratio
538 511 699 599 temporie
720 517 752 574 et
774 509 824 575 rei
849 504 990 596 agendae
1013 515 1047 575 in
1070 513 1190 588 verbis,

147 595 256 683 qualia
274 607 353 660 suut
367 595 471 659 Plauti
487 596 573 662 Pers.
594 600 632 678 1,
656 599 695 677 4,
721 599 774 660 62.
797 592 860 658 tibi
876 594 1002 660 ibiclem
1026 595 1109 676 dua,
1134 597 1192 664 ubi

146 693 294 746 tactuum
312 681 458 745 amicum
474 679 630 748 adiuvas.
652 681 674 746 i.
692 703 718 746 e.
742 675 805 765 qu'a
828 699 865 743 re
889 683 1029 744 amicum
1050 681 1191 764 adiuvas,

52 823 57 830 .
144 767 182 832 in
213 765 326 856 eadem
360 765 418 831 tibi
456 764 534 849 (lua,
579 767 663 849 sire,
706 762 840 852 quando
870 766 1013 829 amicum
1049 766 1191 853 adiuvas,

146 859 220 916 tum
244 861 302 916 ete.
985 873 991 882 ·

230 975 286 1042 ΙΙΙ.
317 979 404 1044 Haeo
426 979 491 1044 loci
517 977 611 1041 notio
634 975 644 1040 i
670 999 719 1041 saa
748 997 799 1042 rea
824 997 898 1044 com
926 973 1095 1043 rehendit:
1126 1001 1191 1046 un-

148 1061 189 1126 de
205 1061 332 1127 ibidem
356 1063 515 1151 signifieat
538 1065 573 1126 in
592 1083 628 1124 ea
653 1083 705 1124 cm
720 1062 828 1150 re,=in
854 997 967 1126 nalem
990 1063 1192 1134 conditione.

148 1147 368 1235 Quapropter
385 1147 540 1236 explicari
553 1147 678 1234 poterit
694 1145 801 1212 'verbis
815 1145 934 1238 eiurari,
954 1146 1045 1213 item.

251 1266 341 1322 Plaut.
359 1266 424 1321 ciat
442 1265 469 1332 2,
484 1265 511 1331 1,
525 1263 567 1320 52.
587 1265 726 1320 aimdierit
739 1265 788 1318 illu
802 1266 839 1318 ad
864 1265 950 1330 tana,
974 1266 1066 1319 ibidem
1083 1268 1132 1324 toea·
1152 1287 1194 1326 roa

13 1375 14 1384 ¹
123 1333 126 1337 .
181 1373 183 1379 ·
218 1351 278 1405 erit.
313 1351 369 1408 (lie.
387 1369 413 1420 p.
431 1347 611 1414 caecam.
638 1350 796 1402 tamitana
812 1350 966 1402 Cucciaomr
982 1349 1128 1406 allevavit
1144 1354 1194 1407 tta·-
1254 1404 1256 1414 ‚

219 1435 284 1492 dem.
319 1433 408 1491 Gratii
423 1437 491 1504 Cyn.
505 1432 563 1492 114.
583 1435 760 1488 blandimenta
773 1449 859 1503 nugae
874 1435 967 1503 sagien
987 1434 1124 1489 nocitum:
1142 1438 1194 1492 ili-

215 1519 274 1572 dem
287 1521 380 1590 exiguo
395 1520 504 1574 nimiove
519 1525 613 1574 uoomt.
633 1517 652 1576 i.
664 1535 689 1570 a.
705 1516 781 1596 ilem.
809 1503 1042 1574 coalumna.
1059 1520 1095 1572 ad
1109 1521 1139 1577 h.
1154 1507 1175 1576 l'.

252 1603 310 1674 (lic.¹
324 1621 358 1674 aa
372 1621 432 1674 Fla.
447 1621 474 1686 1,
494 1618 520 1686 li,
537 1620 581 1674 19.
599 1615 691 1674 delacio
704 1621 797 1673 ibidem
821 1619 896 1672 tam·
910 1627 1018 1685 aeratae,
1035 1639 1113 1690 qaam
1126 1623 1194 1679 illud

216 1713 361 1759 occurrerat
387 1703 406 1758 i.
421 1721 446 1758 e.
463 1705 492 1758 ia
515 1705 611 1761 eadem
634 1701 878 1775 argumentatione.
920 1704 1003 1758 Acad.
1023 1703 1127 1774 2,14,
1148 1705 1195 1765 44.

216 1789 305 1844 deiude
317 1790 427 1854 ibidem,
444 1791 511 1881 inter
524 1792 601 1861 sclao
613 1790 669 1844 aaa
683 1795 709 1844 at
723 1805 788 1845 aera
802 1787 870 1842 attat
887 1786 1014 1842 interme.

494 1955 835 2044 IDGIRCO.

232 2111 362 2195 Partes,
385 2113 501 2202 quibua
516 2111 715 2180 vocabulum
736 2125 885 2178 aucmco
909 2119 1055 2192 constat,
1076 2134 1138 2200 per
1159 2139 1195 2182 ae

153 2193 365 2263 declarantur.
406 2199 492 2263 Nam
512 2220 575 2284 qua
595 2200 720 2263 ratione
735 2197 864 2263 formae
880 2217 962 2282 quo,
988 2217 1071 2284 quaa,
1095 2221 1195 2286 qaum

156 2283 427 2350 coniunctionum
453 2285 536 2348 vices
565 2293 747 2372 praestant,
775 2281 889 2346 eadem
924 2290 957 2344 et
990 2281 1134 2349 adverbii
1163 2297 1196 2352 et

149 2371 402 2516 plraepositionie
424 2379 573 2436 naturam
602 2369 743 2432 induunt
766 2367 916 2445 circam*
948 2365 1061 2447 circu,
1093 2370 1194 2437 circo.

186 2474 225 2516 oc
242 2476 319 2518 vcro
344 2477 418 2517 cum
445 2453 484 2518 id
508 2456 733 2553 compositum
759 2451 797 2516 fia
821 2450 967 2530 idcirco,
990 2451 1079 2540 quod
1106 2455 1196 2522 idem

154 2547 202 2602 est
220 2561 257 2602 ao
273 2539 400 2602 circum
416 2539 472 2618 ici,
499 2539 547 2603 vel
562 2562 655 2604 circu
670 2539 720 2603 id.
762 2539 882 2602 Vtrum
905 2538 1064 2602 scribatur
1086 2538 1196 2606 idcir-

154 2645 210 2700 co,
232 2647 272 2687 an
289 2625 518 2690 assimilatione
544 2625 628 2689 facta
654 2625 798 2698 iccirco,
822 2644 890 2685 nou
913 2633 1022 2710 potest
1046 2626 1196 2693 codicum

155 2710 347 2774 auctoritate
360 2710 589 2775 demonstrari.
624 2709 661 2774 In
678 2706 945 2856 inscriptionibus
962 2710 1101 2794 antiquis
1114 2735 1197 2778 nua-
1292 2761 1302 2778 .

157 2816 255 2882 quam
269 2795 378 2860 inveni
393 2795 536 2878 iccirco,
559 2794 614 2860 aad
633 2793 761 2859 idcirco
791 2793 895 2874 egitur
913 2789 999 2878 apud
1017 2795 1196 2864 Gruterum

155 2885 329 3047 2:253ng
348 2904 382 2967 p·
399 2885 522 3012 12112
544 2901 577 2968 p.
592 2881 665 2946 408.
696 2877 783 2944 conf.
808 2877 976 2966 Spalding.
1001 2878 1041 2942 ad
1058 2880 1197 2962 Quintil.
1258 2893 1265 2915 ⁸
1319 2997 1321 3004 Ι

242 3089 444 3178 Significatio
465 3109 528 3154 unu
555 3097 624 3165 est,
660 3095 692 3151 et
716 3106 818 3173 quum
841 3087 947 3150 circa·
966 3087 1005 3151 id
1036 3092 1198 3179 exprimat

158 3178 308 3258 esseio,
333 3176 422 3262 quod
449 3176 489 3239 ad
513 3195 585 3240 eam
612 3193 702 3248 rem,
727 3173 768 3236 de
790 3193 853 3258 qua
874 3171 1062 3256 loquimar,
1092 3182 1198 3265 perri..

156 3275 250 3337 neat,
295 3285 398 3326 nexus
429 3257 727 3327 rerumeaussalia
755 3256 822 3324 hoo
853 3257 957 3321 modo
1000 3260 1197 3347 designatur,

157 3350 223 3413 aive
239 3349 274 3412 in
291 3348 416 3432 origine
431 3348 498 3412 sive
519 3349 553 3411 ia
575 3343 641 3408 fine
658 3344 705 3409 rei
730 3344 885 3408 cernitur.
929 3345 1083 3413 Germani
1099 3351 1198 3417 simili

119 3425 126 3442 ’
158 3435 261 3498 morlo
275 3433 457 3518 loquuntur
480 3431 614 3496 darum.
666 3425 730 3496 Sed
754 3426 883 3493 idcirco
912 3429 1077 3497 interdum
1101 3439 1199 3500 etiam

156 3520 319 3584 internam
342 3513 484 3582 antissam
506 3515 643 3593 iudicat,
667 3511 708 3578 ale
728 3533 791 3598 qua
809 3535 845 3578 re
861 3514 952 3582 conf.
968 3535 1066 3584 meo.
1101 3519 1198 3589 Nunc

159 3625 256 3670 usum
273 3602 504 3670 describamus.
816 3637 818 3640 -

241 3730 268 3796 I.
283 3731 434 3806 ¹Primum
451 3728 729 3816 igiturporspicua
744 3733 793 3790 est
806 3725 939 3794 relativa
953 3725 1129 3815 particulae
1137 3751 1198 3798 na-

161 3827 243 3880 tura.
285 3816 371 3882 Nam
392 3825 582 3902 sequuntur,
605 3814 653 3878 vel
673 3813 800 3878 inversa
815 3814 964 3879 oratioue
981 3814 1199 3898 praemittun-

159 3912 214 4049 ppr
230 3899 458 4047 q110d‚l<1¹⁶ia,
478 3898 647 3988 quonium.
706 3897 798 3980 Quia
820 3919 890 3964 nou
910 3897 990 3964 adeo
1010 3897 1113 3966 multa
1134 3900 1199 3967 ha·

183 3997 214 4052 et
229 4008 347 4071 exemp
363 4008 390 4048 a.

275 4105 387 4160 Terent.
402 4101 481 4156 Andr.
495 4099 522 4166 4,
541 4101 568 4167 2,
582 4099 606 4180 1.
624 4119 686 4154 aum
701 4102 793 4156 idcireo
808 4115 941 4162 accersor,
956 4087 1062 4169 nuptiae
1083 4105 1149 4172 pund
1164 4107 1200 4160 mi

213 4209 216 4217 ’
230 4191 357 4260 apparati
371 4190 456 4244 amia.
489 4187 546 4240 (lic.
563 4187 597 4242 orl
610 4187 688 4241 Fam.
703 4187 729 4252 9,
743 4187 770 4250 1,
785 4184 811 4238 1.
833 4189 938 4254 pataret
952 4201 992 4269 pc
1006 4177 1100 4242 idcirco
1118 4189 1199 4244 duea-
