2866 4716
417 311 418 316 ’
446 288 660 360 fluucvnu.
700 289 880 364 HERCLE.
1147 299 1189 362 65

150 446 188 512 m'
201 444 316 530 compi
331 442 474 510 leonini
492 441 559 511 aio
582 442 695 511 millia
717 446 882 534 iugerum.
895 444 1077 514 immania.
1118 447 1185 519 vid.

150 529 249 596 Tom.
268 537 300 628 2.
323 552 357 629 p.
372 534 446 628 ⁸7⁰:
487 529 699 628 Quamquam
716 529 884 596 Ernestius
899 553 1043 598 caussam
1060 530 1183 600 frustra

150 617 307 702 quaesivit
322 637 355 678 1n
372 625 599 692 coniunctim,
624 635 715 680 curus
740 615 893 703 exempla
914 625 988 694 ante
1003 621 1183 707 proposui-

45 705 51 715 '
147 695 233 766 mus.¹
270 699 475 766 Discriminis
494 720 603 764 caussa
621 699 738 766 confer
762 701 896 766 Terent.
918 699 1017 766 Andr.
1032 705 1066 788 4,
1081 699 1179 786 Md.

149 785 223 854 ham
237 786 385 866 scelera,
405 793 438 849 et
459 784 570 852 Senec.
587 785 725 874 Hippoi.
741 790 814 854 826.
837 783 1030 853 cartelera.
1060 809 1064 826 .

320 952 650 1041 HERCVLE.
704 951 991 1040 HERCLE.

143 1107 147 1118 '
224 1093 426 1200 'Quomodo
444 1125 477 1178 et
494 1111 764 1202 quando'factum
778 1116 839 1195 sit,
859 1125 896 1180 ut
918 1135 1041 1180 nomen
1054 1115 1178 1182 Hercu·
1232 1137 1236 1144 ·

140 1193 184 1258 lis
208 1195 246 1260 in
270 1196 484 1276 obtestatione
510 1210 542 1264 et
554 1197 781 1266 affirmatione
810 1202 855 1266 ita
882 1221 961 1264 usur
987 1211 1112 1281 aretur,
1140 1212 1179 1266 ut

142 1278 294 1344 divinum
315 1305 435 1348 numen
459 1305 500 1348 ne
525 1285 721 1366 cogitaretur
743 1284 891 1370 quidem,
910 1221 984 1350 sedp
988 1285 1176 1352 adverbium

142 1361 311 1430 audiretur
334 1366 460 1432 iurandi
482 1378 513 1431 et
536 1359 721 1433 atlirmandi
749 1369 907 1457 simplex,
927 1380 1064 1435 nonest
1086 1369 1175 1456 quod

139 1445 193 1512 hie
210 1447 482 1516 demonstremus.
514 1451 645 1516 Plautus
664 1453 761 1516 etiam
777 1453 1071 1604 inAmphitruone,
1086 1476 1174 1520 uon-

143 1532 220 1596 dum
243 1545 322 1600 nato
346 1537 484 1602 Hercule
492 1583 503 1619 ,
523 1536 730 1620 loquentibus
752 1537 867 1630 tribuit
913 1560 971 1604 anc
994 1538 1173 1604 iuramenti

142 1615 332 1683 formulam.
381 1619 424 1686 Et
446 1622 516 1708 ipsa
539 1621 686 1688 vocabuli
717 1643 869 1690 mensura
903 1625 1066 1706 ostendit,
1093 1646 1172 1710 qua-

143 1712 233 1766 tenus
256 1703 381 1768 exuerit
396 1705 541 1770 'vocativi
570 1715 743 1774 naturam:¹
776 1729 856 1772 nam
875 1719 1024 1778 extrema
1044 1708 1170 1797 syllaba

142 1787 331 1884 corripitur,
359 1790 448 1874 quod
468 1789 616 1856 vocativo
631 1813 673 1854 ne
696 1791 731 1855 in
751 1812 819 1858 uno
838 1793 970 1882 quidem
984 1793 1061 1861 loeo
1085 1794 1172 1858 Pro·

143 1871 239 1958 pertis
261 1875 282 1936 4
290 1895 301 1954 ,
326 1877 383 1949 11,
406 1876 460 1939 40.
496 1874 739 1939 concedendum
763 1879 835 1942 erit.
875 1876 945 1943 lam
969 1879 1172 1966 grammatici

144 1966 262 2020 veteres
279 1957 488 2044 appellabant
502 1957 702 2021 adverbium.
743 1961 809 2026 aid.
832 1961 954 2025 Donat.
975 1962 1015 2027 ad
1036 1961 1171 2028 Terent.

142 2039 202 2104 nd.
227 2041 264 2120 5,
285 2046 325 2120 9,
351 2045 402 2106 18.
452 2041 614 2108 Dixerunt
643 2061 719 2106 vero
747 2041 852 2106 Latini
874 2043 1027 2121 hercule,
1050 2045 1170 2127 hercle,

141 2125 305 2202 hercules,
329 2125 510 2208 mehercle,
526 2125 737 2192 mehercules.
779 2125 863 2194 lllud
878 2149 948 2208 me,
970 2126 1058 2212 quod
1075 2150 1172 2214 prae·

142 2207 273 2297 figitur,
296 2212 526 2296 grammaticos
551 2209 692 2274 multum
707 2207 840 2288 fefellit,
861 2213 918 2297 qui
940 2211 1077 2310 plurimi
1094 2213 1172 2297 qui-

120 2294 215 2382 'dem
239 2317 425 2380 pronomen
443 2295 658 2382 intelligentes
675 2295 845 2384 abruptam
868 2291 1052 2361 orationem
1074 2318 1171 2364 com.-

140 2379 231 2466 plere
245 2379 392 2445 solebant
407 2379 458 2444 his
477 2380 599 2446 verbis:
621 2380 674 2446 ito
694 2403 747 2446 me
768 2381 917 2462 herculea
942 2380 1080 2448 adiacet
1102 2382 1170 2446 sive

141 2465 252 2541 amet,
281 2465 333 2529 ita
356 2487 429 2540 me,
453 2463 580 2540 hercle,
611 2464 757 2531 adiuves.
809 2467 884 2546 Quo
914 2466 998 2532 nihil
1028 2466 1171 2554 ineptius

141 2549 206 2616 dici
221 2559 338 2636 potest.
384 2548 590 2640 Quamquam
607 2549 903 2616 PaulusDiaconus
925 2551 1012 2617 Festi
1033 2549 1170 2618 nomina

138 2634 182 2699 ita
206 2633 334 2704 docuit:
363 2645 529 2700 mecastor
556 2646 589 2700 et
618 2635 817 2717 mehercules
845 2635 1082 2704 iusiurandum
1107 2647 1168 2712 est,
1275 2699 1277 2707 ,

138 2719 239 2806 quasi
261 2719 446 2802 diceretur,
464 2717 516 2786 ita
537 2741 590 2784 me
609 2717 748 2798 Castor,
777 2721 829 2786 ito
844 2743 897 2786 me
920 2719 1100 2802 Hercules,
1130 2733 1168 2786 ut
1201 2787 1208 2798 ,

138 2802 361 2869 subaudiatur
384 2805 482 2869 iuuet.
524 2804 693 2870 Martinius
709 2806 744 2870 in
761 2804 845 2872 Lex.
863 2829 898 2892 p.
913 2807 987 2872 ⁵57.
1010 2805 1168 2892 explicuit

141 2889 248 2957 hercle
271 2889 431 2964 iuuante„
446 2911 499 2956 me
522 2888 653 2958 hercule
674 2889 828 2956 iuvante.-
848 2899 930 2974 quae
953 2901 1001 2956 est
1023 2891 1167 2955 ineredi-
1272 2906 1285 2924 “

140 2971 211 3039 bilis
227 2973 357 3062 ellipsis.
397 2973 477 3049 Alii,
504 2975 559 3060 qui
582 2973 632 3038 his
647 2974 796 3042 subsidiis
813 2973 1020 3054 diffidebant,
1042 2973 1166 3040 vocati-

139 3078 216 3122 vum
245 3081 315 3124 esse
332 3059 588 3124 ‘existimaruntz
623 3081 675 3124 me
698 3057 830 3127 hercule
859 3081 923 3146 pro
945 3062 994 3124 mi
1022 3061 1166 3126 hercule.

138 3141 209 3207 Nos
227 3143 292 3212 iam
321 3143 419 3208 Tom.
442 3149 472 3210 2.
504 3146 540 3232 p.
563 3144 638 3209 842.
669 3166 740 3209 rem
763 3144 992 3230 exposuimus,
1021 3167 1167 3210 measse

136 3226 296 3315 syllabam
321 3227 517 3316 praelixam,
542 3249 624 3314 quse
652 3229 741 3294 idem
771 3227 946 3316 significet,
971 3230 1061 3319 quod
1091 3254 1108 3295 ε
1131 3232 1166 3293 in

135 3325 278 3378 ecastor.
337 3314 497 3379 Habemus
534 3312 739 3378 simillimum
775 3315 971 3402 exemplum
993 3317 1029 3380 in
1059 3315 1166 3380 verbis

135 3393 405 3484 rreedlusfidius,
424 3397 534 3470 medie
540 3395 642 3484 fidle-
682 3401 787 3486 Atque
803 3399 882 3464 haec
896 3402 1052 3466 sententia
1070 3422 1166 3463 com-

132 3483 297 3572 probatur
319 3503 378 3548 usu
398 3493 590 3571 poetarum,
611 3504 752 3570 quorum
773 3507 872 3549 nemo
894 3489 1114 3574 antiquiorum
1130 3483 1165 3546 in

135 3567 425 3654 mesynalocphen
440 3567 587 3633 admisit:
611 3589 808 3656 quamquam
819 3570 863 3635 ita
881 3579 1075 3636 censuerunt
1088 3568 1163 3650 qui-

128 3651 213 3718 dam
237 3653 342 3719 critici
360 3655 394 3720 in
409 3653 528 3720 Catulli
543 3675 570 3716 c.
585 3657 625 3720 88
634 3701 644 3730 ‚
660 3660 692 3722 2.
715 3665 745 3718 et
762 3656 882 3720 Statius
896 3659 1005 3744 ipsum
1019 3651 1163 3718 mercule

133 3737 358 3825 recipiendum
374 3739 478 3804 duxit.
519 3735 567 3802 lbi
583 3760 658 3805 reru
683 3740 889 3808 scribendum
907 3753 970 3806 cst:
999 3736 1088 3804 male
1114 3749 1162 3802 est

133 3823 289 3904 hercule,
311 3836 343 3888 et
360 3837 408 3888 est
422 3821 598 3888 laboriose.
640 3827 681 3888 At
706 3827 775 3912 ipse
789 3826 951 3896 Bentleius
971 3823 1012 3886 ad
1028 3822 1163 3886 Terent.

132 3909 222 3976 Eum·
237 3913 276 3990 1,
294 3915 331 3984 1,
352 3915 403 3974 22.
427 3909 535 3973 docuit
549 3908 707 3998 mehercle
723 3933 853 3998 semper
877 3931 943 3974 csse
966 3907 1161 3996 disyllabon.

133 3993 257 4061 Audio:
280 4005 393 4059 tamen
408 3994 507 4076 falsus
522 3993 578 4059 ille
594 4005 641 4060 est
657 4016 731 4062 cum
748 3997 871 4062 ceteris.
978 4051 979 4054 ,

177 4137 183 4146 .
218 4081 353 4148 Plautus
367 4081 529 4168 nusquam
549 4082 652 4147 utitur
665 4081 770 4150 ¹verbo
793 4077 971 4154 mehercle,
991 4078 1163 4144 'Terentius
