2810 4726
592 348 678 414 tra.
1091 341 1158 421 tae
1183 412 1186 422 ,

115 502 261 588 Zumptii
279 502 428 568 Gratum.
444 502 517 566 748.
538 521 574 588 p.
592 503 666 566 603.
710 497 907 589 Plerumque
925 505 1078 590 ¹sequitur
1098 528 1154 572 ac·

116 590 277 653 cusativus
294 609 369 656 clun
385 582 564 662 infinitivi),
587 587 687 650 etita
708 585 839 654 additur
859 587 966 656 verbis
981 592 1153 680 sentiendi,

115 672 259 755 dicendi,
283 671 490 754 affirmandi,
513 670 693 736 dubitandi.

160 791 163 804 ’
219 790 276 844 cn.
295 789 329 843 aa
343 793 421 844 aaa.
436 789 480 856 1a,
495 787 539 856 45,
553 788 580 843 4.
598 791 713 861 aunan
732 789 798 845 ..55
816 790 997 862 granam
1015 799 1066 859 en,
1086 795 1155 864 quoa
1207 765 1214 820 Γ

182 876 222 929 ita
241 877 324 929 iciant
346 876 449 928 Lucceii
473 881 664 944 nraanatarea,
688 885 712 930 et
735 877 775 930 ita
795 876 914 930 15555155
939 878 993 947 ipae
1014 893 1043 928 aa
1062 878 1155 934 littenia

182 962 282 1014 1515-
300 961 441 1025 intellexit,
458 958 569 1013 dominia
586 961 682 1013 nnlliaa
702 962 772 1030 apud
786 967 813 1013 15
832 952 1011 1014 5554551555
1030 969 1075 1015 nat
1087 979 1157 1032 gra·

183 1045 248 1098 tiam
264 1045 350 1096 calere
365 1045 423 1112 plue
439 1061 516 1112 quant
532 1060 625 1096 mean.
660 1043 832 1110 cnrtll,1,
850 1043 893 1098 84.
911 1063 942 1099 ea
955 1046 1039 1100 Dario
1054 1048 1093 1100 ita
1110 1065 1155 1100 aa·

184 1130 255 1198 cepi,
273 1129 326 1180 tria
341 1128 426 1179 millia
444 1128 548 1183 condita
570 1142 621 1180 5555
643 1147 701 1182 cnm
716 1131 790 1196 Cyna.
826 1129 883 1182 (lic.
906 1129 1154 1196 Tanc.·t‚18,tl.

180 1229 227 1264 nec
248 1227 306 1265 nera
325 1213 365 1266 ita
388 1214 440 1264 ‹ttct
459 1219 557 1280 pateat,
590 1215 682 1265 mentia
704 1214 834 1267 laetitiam
855 1215 937 1268 eclam
957 1231 1009 1268 etse
1031 1215 1059 1266 in
1078 1215 1155 1269 15515.

183 1293 634 1366 Fam.13,lli,2.redquumaili
653 1298 692 1358 ita
711 1299 878 1366 pneumati
897 1300 966 1368 ipae,
985 1315 1054 1353 meaa
1074 1300 1106 1353 de
1127 1317 1155 1355 ae
1248 1339 1253 1364 .

181 1388 302 1433 accurate
315 1381 426 1446 scriptae
442 1379 538 1432 litterae
552 1383 693 1434 maximnm
708 1382 778 1448 apud
794 1387 819 1434 te
831 1383 931 1448 pondua
945 1384 1082 1437 habiturae
1102 1389 1156 1438 515.

182 1463 209 1527 1,
223 1463 250 1528 8,
267 1464 308 1516 lt.
326 1463 353 1527 6,
368 1463 395 1527 2,
409 1464 435 1516 2.
445 1481 530 1532 >quare
546 1467 621 1516 aelim
637 1465 676 1517 ita
692 1471 817 1517 statutum
830 1466 939 1529 1154555,
952 1482 991 1519 nte
1005 1469 1043 1520 tui
1059 1485 1156 1524 meme·

144 1571 146 1578 >
184 1550 252 1600 ciant
269 1565 325 1600 enm
340 1565 442 1602 summa
458 1549 630 1602 benevolentia
651 1553 743 1600 155555.
778 1567 804 1616 p.
821 1547 1043 1617 0155541951.
1061 1553 1158 1624 collegi

181 1633 377 1701 utaliquando
394 1640 420 1686 et
442 1634 480 1686 ita
502 1633 637 1694 canatitui,
652 1634 756 1698 sortiter
771 1651 822 1686 5555
838 1635 982 1704 agendum.
1015 1653 1042 1703 p.
1060 1637 1156 1706 Ligur·

180 1715 207 1780 l,
222 1715 248 1768 2.
265 1717 344 1787 lcabee
357 1718 439 1787 igitur
455 1745 486 1757 -
504 1719 663 1784 confitentem
678 1735 758 1781 reum,
774 1719 818 1770 aed
831 1725 916 1770 tamen
931 1720 970 1771 ita
985 1723 1155 1788 confitentttn,

182 1817 208 1854 ee
222 1802 251 1852 in
261 1807 295 1852 en
303 1809 380 1869 parte
388 1802 489 1868 fuisse,
508 1819 559 1870 qua
573 1809 614 1863 te,
636 1801 745 1852 Tulcna.
779 1800 828 1854 ubi
846 1802 908 1854 vida
921 1803 1083 1876 Erueatlumz
1119 1807 1155 1859 ad
1215 1807 1216 1812 ’

183 1885 261 1938 uam.
279 1885 322 1949 ta,
336 1883 379 1947 54,
394 1882 421 1938 4.
440 1883 500 1936 arv.
514 1885 540 1948 1,
555 1883 600 1949 55,
614 1881 641 1936 4.
659 1884 771 1938 satan.
782 1882 849 1940 'cae
864 1885 915 1954 14,
930 1888 956 1941 n.
974 1889 1034 1958 lug.
1048 1889 1092 1955 55,
1109 1889 1154 1945 45.
1176 1881 1184 1892 ’
1215 1938 1217 1944 .
1251 1909 1255 1914 ·

166 1969 244 2021 attic.
260 1969 286 2033 3,
300 1967 344 2034 att,
358 1968 385 2021 6.
410 1986 540 2038 amnesque
557 1970 596 2021 ita
616 1969 790 2036 accipiebant,
804 1973 924 2040 privatae
943 1989 985 2026 555
1007 1993 1026 2026 a
1047 1975 1155 2029 Claudia

182 2056 317 2126 iudicatae.
641 2108 643 2118 ,
1075 2111 1076 2116 ,

218 2157 251 2210 ld
268 2153 376 2209 facilius
390 2151 557 2219 admittitur,
577 2151 627 2206 ult
645 2169 698 2206 uau
715 2171 812 2220 unum,
837 2156 883 2209 ned
903 2157 995 2224 plura·
1014 2175 1059 2212 rea
1080 2175 1155 2213 aam-

182 2240 327 2310 pleclitur:
347 2239 417 2308 quod
430 2240 462 2292 fit
478 2237 506 2291 iu
521 2239 581 2291 loca
598 2238 655 2292 cic.
676 2257 702 2306 p.
720 2241 941 2305 0155541951.
975 2244 1024 2297 Eat
1044 2246 1084 2299 ila
1103 2261 1153 2313 pro

166 2329 256 2382 ‘llaec
290 2327 400 2380 Sallust.
412 2324 471 2393 lug.
485 2323 512 2387 4,
527 2322 552 2376 5.
569 2341 645 2394 caepe
666 2327 756 2402 audini
772 2327 809 2392 ρ.-
820 2326 984 2390 Mancinum,
1010 2327 1038 2380 Ρ.
1054 2330 1155 2398 844ψί5-

184 2431 257 2476 neaa,
278 2413 411 2481 praeterea
432 2408 666 2470 ciuitatienaetrae
686 2409 836 2478 praeclarae
852 2411 919 2462 circe
938 2412 1025 2463 5511455
1048 2413 1087 2465 ila
1108 2414 1154 2466 di-

156 2518 159 2526 ·
185 2516 255 2563 cere,
283 2514 361 2565 qnam
383 2496 513 2546 maiarum
530 2493 657 2561 imagines
678 2493 854 2558 intuerentur,
873 2495 1087 2549 vehementissime
1107 2491 1156 2551 tili

184 2583 300 2636 animant
315 2581 352 2633 ad
364 2580 481 2630 virtutem
497 2577 611 2630 accendi.

200 2685 231 2748 5.
253 2682 329 2744 Non
347 2701 439 2756 raro,
465 2677 658 2764 praesertim
675 2677 764 2766 apud
780 2688 913 2767 poetas,
935 2679 988 2762 id,
1010 2679 1050 2746 nd
1064 2683 1154 2768 quad

116 2771 171 2838 ita
187 2767 304 2834 teserri
326 2765 439 2840 debet,
463 2785 502 2827 ex
521 2765 679 2828 sententia
696 2765 802 2850 aliqua
825 2785 1000 2852 suppressa
1024 2768 1154 2858 calligi-

115 2869 192 2936 tur,
214 2877 274 2918 nce
289 2859 397 2940 potest
413 2849 604 2935 ambiguitas
622 2850 742 2935 ubique
758 2849 878 2914 evitari.

222 2975 319 3026 Horat.
337 2971 425 3024 carm.
441 2969 467 3034 l,
483 2966 583 3034 24,11.
604 2977 634 3022 tu
642 2975 748 3038 fraena
760 2969 821 3038 piae
837 2969 887 3022 teu
904 2987 957 3024 ncn
978 2970 1017 3024 ita
1030 2973 1155 3028 creditam

186 3059 268 3128 pescia
284 3055 448 3123 Quinctilium
464 3056 531 3107 deae.
551 3055 580 3107 h.
595 3071 618 3106 5.
634 3055 736 3106 trustra
751 3058 797 3116 tu,
821 3053 868 3122 qui
889 3053 949 3120 pina
968 3071 1047 3121 etna,
1068 3057 1154 3123 Quia·

155 3188 162 3206 ,
188 3141 294 3196 atilium
305 3138 392 3208 555515
408 3137 493 3203 aditu,
503 3138 601 3207 quibua
609 3155 702 3190 55555
714 3136 867 3189 conditione
877 3138 1016 3191 credidisti
1025 3140 1153 3209 amicum,

110 3267 112 3270 -
189 3233 221 3280 51
235 3225 287 3278 sibi
303 3231 389 3278 totum
407 3209 575 3291 arrogarent.
609 3219 888 3290 Propert.1,19‚lt.
910 3230 934 3275 et
955 3225 1175 3293 Teltucltacita,

186 3314 257 3364 insta
271 3311 351 3362 sinat.
369 3309 397 3360 h.
412 3324 437 3361 a.
453 3307 492 3360 ita
508 3309 588 3371 15545,
604 3306 1078 3382 51154515555555555511515551,
1101 3309 1155 3364 hau

113 3447 124 3459 ,
187 3400 244 3460 551,
264 3383 439 3451 5511515515.Ι
1040 3455 1044 3469 ι
1161 3449 1162 3454 η

122 3495 125 3500 ’
221 3494 334 3562 Quintil.
348 3492 373 3559 li,
392 3494 417 3557 1,
432 3491 458 3544 a.
475 3493 531 3544 licet
546 3497 571 3543 ct
587 3491 706 3553 dubitare
724 3521 756 3532 ·-
776 3511 851 3561 qnam
868 3510 937 3563 spent
951 3503 1087 3550 55555515·
1104 3497 1155 3550 155-

187 3581 246 3631 teat
270 3579 383 3630 amnilue
398 3579 435 3628 ita
455 3576 574 3643 defensis.
609 3571 784 3646 Spaldingiua
801 3578 942 3644 explicuit:
962 3586 992 3632 ut
1010 3578 1067 3633 iam
1088 3581 1155 3634 autl-

183 3663 333 3716 maratiaue
345 3660 523 3731 significetur.
557 3661 607 3714 Eat
621 3662 725 3729 5541554
743 3663 825 3716 itaut
840 3663 944 3716 tactum
957 3668 1026 3716 erat.

201 3790 233 3850 6.
269 3785 306 3848 ln
339 3782 532 3869 quibusdam
564 3781 717 3868 formulis
751 3786 923 3872 respicitur
955 3782 1155 3870 experientia

117 3872 305 3936 communis
323 3881 377 3933 aut
393 3889 505 3932 rerum
523 3877 657 3942 natura,
681 3881 711 3934 ct
733 3889 859 3934 cumea
884 3869 1064 3950 confertur,
1087 3872 1154 3936 5155

117 3956 299 4021 secundum
323 3961 393 4019 eam
413 3953 657 4017 demonstratur
679 3953 730 4031 id,
753 3955 840 4040 quod
863 3955 897 4017 in
920 3955 1155 4022 consideratio·

117 4063 196 4106 nem
216 4042 313 4106 venit.
356 4033 469 4125 Icafit
485 4048 532 4138 eat
546 4038 590 4102 ita
605 4037 660 4120 fit,
682 4051 718 4104 ut
734 4037 805 4104 fieri
821 4040 915 4103 soter.

222 4160 279 4216 cic·
294 4159 328 4214 dc
341 4157 404 4213 Nat.
419 4159 446 4211 d.
461 4155 488 4225 ὃ,
502 4155 545 4225 tt,
562 4156 604 4212 89.
621 4159 662 4212 ita
672 4161 726 4228 fit,
744 4160 836 4230 inquit.
853 4158 882 4209 h.
899 4173 925 4212 5.
941 4174 968 4212 eo
981 4157 1045 4230 gete
1060 4176 1087 4216 55
1099 4177 1155 4214 nun
1198 4173 1204 4188 ·

785 4247 825 4308 dl
846 4246 865 4286 ⁴¹
889 4291 892 4300 .
