2902 4718
46 2571 61 2580 .

392 403 395 416 .
532 341 787 412 recurram.
997 319 1000 326 ’
1115 346 1176 412 175

142 519 203 588 que
226 498 316 564 enirn
330 493 562 564 demonstrarit
580 497 702 586 poterit
725 497 909 565 litteramtr
929 498 1177 600 peregregiam,

139 585 181 651 ed
197 585 324 652 histum
338 583 539 670 explendum
553 582 802 670 interpositam,
818 593 939 648 mutan
956 585 989 648 iu
1007 601 1049 656 Τ,
1070 607 1111 650 ne
1137 605 1179 649 ue

131 670 364 758 ⁴compararis)
385 667 489 735 finalis
503 670 538 736 in
557 669 712 734 extremis
729 667 836 734 verbis
855 668 969 746 dread,
990 667 1068 749 sed,
1089 607 1178 736 idad

139 777 216 822 cum
233 775 256 820 Τ
271 763 482 830 commutata.
525 754 794 818 Lindemannusi
819 754 884 818 itur
899 752 940 817 de
959 751 1120 818 Aduerbio
1145 755 1178 818 t.

139 864 172 930 p.
190 847 240 906 11.
259 849 292 906 et
307 839 347 904 ed
361 833 468 910 Pledt.
482 837 602 920 Mitt,
619 843 651 915 8,
665 842 717 926 51⁵·
739 777 949 903 sordentum
966 847 1077 902 censet
1091 840 1180 904 iten-
1214 864 1217 871 ·

128 925 277 1002 didam,
301 935 339 990 ut
352 925 579 1010 compositum
595 923 741 988 videatur
757 945 798 988 ex
825 923 907 988 item
928 933 961 988 et
986 921 1096 1002 idem,
1122 923 1181 987 ad-

141 1010 207 1076 dite
226 1011 253 1075 d
272 1007 471 1106 euphoniae.
520 1007 683 1093 Equidem
706 1029 776 1073 non
804 1008 948 1074 arbitror
967 1018 1002 1072 et
1020 1007 1182 1094 copulam

138 1101 210 1161 esse
228 1097 455 1170 interiectam,
491 1091 550 1154 sed
583 1113 690 1178 quum
711 1092 803 1160 neten
823 1103 976 1158 neutrum
999 1090 1064 1180 pro
1097 1091 1182 1156 item

135 1181 204 1246 diei
221 1179 341 1267 possit,
363 1187 395 1240 et
413 1175 596 1241 idemidem
612 1178 769 1264 componi
791 1180 825 1242 in
841 1179 978 1242 modurn
1003 1177 1202 1242 verborum*

138 1275 227 1342 reme,
250 1260 430 1350 quidquid,
450 1283 518 1326 non
537 1261 663 1343 dubito,
685 1265 782 1348 quin,
806 1281 831 1328 n
855 1265 1108 1340 interamenta,
1130 1261 1183 1326 fu-

140 1360 234 1425 ctum
252 1349 294 1412 sit
316 1345 532 1428 idemtidem,
559 1345 660 1433 idque
676 1347 727 1412 rel
752 1347 877 1435 vulgari
902 1348 1183 1436 pronuntiatione,

139 1435 191 1500 vel
208 1431 300 1522 quod
317 1443 353 1496 et
368 1431 498 1496 subesse
512 1432 732 1518 grammaticis
750 1433 853 1498 visum
870 1445 969 1512 esset,
992 1433 1025 1496 in
1051 1431 1182 1497 identi-

140 1519 217 1586 dem
233 1527 408 1582 mutatum.
449 1515 625 1581 Duriorem
641 1519 729 1581 enim
744 1517 886 1581 litteram
902 1516 937 1582 in
953 1538 1014 1581 usu
1040 1519 1184 1604 scripto·

141 1627 215 1670 rum
235 1599 337 1667 fuisse
362 1609 478 1689 aperte
494 1599 637 1666 declarat
658 1601 847 1671 Priscianus.
890 1601 939 1668 De
953 1603 1070 1667 litteris
1091 1622 1128 1666 m
1151 1611 1185 1666 et

140 1709 181 1770 n,
203 1683 376 1774 dequibus
401 1685 559 1751 Ceilarius
583 1685 745 1774 Orthogr.
770 1711 803 1775 p.
821 1689 896 1752 256.
919 1688 1088 1766 disseruit,
1114 1709 1184 1751 non

140 1796 258 1860 magna
275 1772 336 1836 erit
353 1769 528 1852 dissensio,
552 1772 655 1835 modo
678 1773 939 1859 reputaverimus
960 1795 997 1838 m
1022 1771 1184 1870 scripturn

142 1869 250 1926 sntet
273 1878 406 1920 sonasse
426 1880 462 1920 n.
524 1855 634 1936 Quare
656 1867 744 1921 recte
774 1859 952 1922 scribemus
982 1857 1181 1922 idendtdem
1257 1913 1260 1929 ,

57 1943 62 1953 “
144 1941 208 2010 sive
228 1939 454 2019 idemdidem,
477 1963 538 2004 nec
553 1939 663 2005 temen
689 1943 994 2028 pronuntiationem
1018 1943 1188 2039 imitantes·

144 2029 321 2129 errabimus
339 2025 516 2116 scribendo
533 2024 732 2090 identidem.

202 2185 204 2190 -
226 2138 377 2204 Giessaea
400 2133 599 2216 identidem,
620 2133 688 2218 παρ’
706 2135 821 2214 ἕκαστα,
838 2135 1017 2216 incitatae,
1034 2128 1186 2210 dandene.

143 2223 374 2288 Onomastica:
399 2225 538 2304 συνεχῶς.
580 2221 806 2286 Recentiores:
833 2223 993 2300 dancmde,
1024 2212 1117 2293 adore
1137 2219 1188 2282 aad

143 2300 243 2383 αὖθις.
286 2306 379 2387 Quae
404 2308 515 2370 omnia
540 2304 814 2388 significationem
837 2327 905 2369 non
931 2305 1080 2369 distincte
1104 2301 1187 2367 defr-

135 2395 254 2481 nient.n
290 2391 350 2454 Est
371 2391 458 2454 enim
476 2389 563 2454 idem
580 2391 753 2476 idemque,
774 2391 866 2476 quod
891 2411 926 2454 se
939 2389 1041 2454 offert
1058 2387 1187 2476 saepius

141 2479 241 2546 idem.
285 2475 324 2540 td
342 2497 404 2563 pro
423 2473 576 2540 adverbio
595 2475 715 2540 dicitur
731 2477 808 2539 item
824 2476 990 2560 itemque,
1013 2486 1046 2539 et
1067 2475 1110 2538 de
1132 2496 1189 2538 re»-
1224 2488 1227 2496 ’

143 2565 224 2644 bus,
249 2583 333 2650 quae
350 2582 418 2626 uon
436 2561 537 2625 semel
551 2570 741 2629 recurrunt,
769 2559 824 2624 sed
843 2561 989 2647 saepius,
1011 2562 1078 2624 sive
1107 2579 1190 2646 quae

143 2647 470 2729 iterumiterumque
489 2657 647 2732 aguntur,
680 2645 806 2733 saepius
825 2645 973 2710 iteratae.
1017 2646 1100 2708 Vsus
1127 2665 1190 2724 co·-

144 2734 251 2798 cabuli
282 2753 351 2796 non
382 2733 422 2794 ad
455 2753 570 2794 omnes
603 2731 781 2818 scriptores
810 2731 963 2819 pertinet.
1012 2729 1189 2796 Terentius

143 2839 308 2907 nusquam
324 2817 445 2903 posuit.

231 2935 261 2995 1.
296 2925 399 3014 Igitur
421 2921 612 2987 identidem
631 2923 829 2988 non-modu
857 2919 899 2990 de
929 2947 969 2991 eo
999 2947 1061 2990 usn
1104 2937 1190 3005 atur,

145 3013 240 3102 quod
255 3012 378 3076 iterum
396 3011 584 3096 iterumque
608 3009 711 3084 redit,
735 3005 800 3072 hoe
825 3019 872 3072 est
893 3009 968 3096 plus
990 3033 1080 3075 seme
1101 3059 1111 3090 ‚
1133 3011 1192 3076 sed

145 3100 249 3164 etiem
270 3097 310 3161 de
334 3117 391 3174 eo,
416 3091 510 3179 quod
535 3093 716 3158 admodum
739 3093 930 3195 frequentor
954 3106 987 3160 et
1005 3097 1121 3162 crebro
1142 3095 1192 3162 fir.
1303 3127 1307 3132 ·

146 3177 526 3251 illodestwr'ederdolt,
550 3179 615 3242 hoc
631 3191 739 3244 antem
758 3179 823 3268 est.

260 3301 351 3354 etant.
368 3299 440 3350 Men.
456 3297 482 3361 1,
497 3296 523 3362 2,
539 3297 585 3350 51.
602 3307 669 3351 nete
682 3315 743 3352 uror
757 3305 885 3367 sequatur,
901 3305 1030 3368 respectus
1044 3301 1193 3360 identidem.

218 3384 255 3438 ei.
271 3382 331 3437 Ces.
343 3375 373 3447 ’5,
384 3381 413 3446 ’2,
430 3381 473 3434 13.
492 3377 549 3433 cte.
566 3397 592 3448 p.
610 3381 706 3434 nante.
722 3381 814 3435 Posth.
830 3380 874 3445 12,
890 3379 934 3433 34.
948 3385 1104 3438 recitabatur
1119 3388 1195 3440 iden-

217 3469 296 3521 tidem
311 3467 424 3536 Pompeii
439 3465 621 3519 tenimentum.
637 3463 657 3519 i.
677 3483 700 3520 e.
720 3465 781 3533 plus
805 3466 899 3518 setnel.
931 3483 957 3534 p.
972 3467 1059 3520 nomo
1072 3467 1117 3533 55,
1133 3468 1194 3524 14⁰.

215 3551 431 3619 quemadmodum
445 3551 496 3602 ista
510 3535 682 3620 praeposteris
695 3551 776 3602 uerbis
791 3575 846 3615 υ,
870 3552 1007 3604 identidem
1029 3569 1057 3604 se
1072 3569 1195 3605 remean-

219 3635 254 3686 do
272 3661 305 3675 -
323 3636 410 3686 omniu
426 3635 501 3687 elder
509 3671 520 3698 ‚i
536 3649 567 3686 cc
582 3649 627 3687 aas
642 3635 671 3686 in
684 3634 856 3688 monimentis
872 3633 980 3697 dedetis,
1001 3642 1027 3687 et
1037 3638 1196 3704 mennatis-

126 3765 136 3778 „
218 3717 293 3770 citet
302 3720 403 3786 feeerit.
438 3719 516 3771 Caes.
537 3718 571 3770 tt.
593 3719 661 3787 gell.
684 3717 718 3783 2,
737 3717 780 3770 ta.
807 3732 886 3784 quum
905 3735 932 3770 ee
953 3719 995 3769 rut
1014 3717 1155 3772 identidem
1169 3721 1196 3772 in

219 3801 296 3852 aum·
310 3803 346 3854 ed
357 3819 417 3856 caca
429 3804 570 3872 reciperent
586 3809 610 3854 ct
624 3819 713 3856 sersus
731 3819 762 3856 es
774 3801 840 3854 sitve
856 3802 885 3854 in
899 3809 998 3854 nostros
1014 3802 1139 3870 impetam
1146 3809 1197 3872 fa-

222 3889 372 3940 serenante.
389 3903 425 3958 ep
438 3887 617 3942 nicentium
634 3888 732 3940 Melen.
766 3884 826 3938 etv.
834 3883 860 3950 9,
872 3882 950 3948 316.
965 3885 1198 3951 qrscmidentidem
1276 3894 1281 3900 ’

218 3969 304 4038 legem
321 3967 455 4024 aeneidem
479 3971 609 4024 reniteret.
624 3969 643 4022 1.
660 3983 684 4023 e
701 3970 762 4037 ptus
787 3969 882 4021 semet.
914 3965 1000 4040 6,(18,
1016 3965 1043 4020 4.
1060 3969 1088 4020 r'n
1109 3974 1198 4039 piritu·

220 4067 297 4120 mrum
316 4053 457 4107 identidem
472 4055 544 4108 aaut
553 4057 654 4120 semem
669 4054 802 4106 adiicerent
822 4071 900 4120 ecque
920 4053 1072 4106 necatitcte
1094 4056 1131 4106 cd
1151 4057 1198 4108 de-

220 4137 344 4193 ditionem
358 4145 483 4194 merent
501 4144 555 4195 ste·
588 4135 633 4204 2⁶,
643 4133 690 4203 tt,
704 4135 732 4191 4.
757 4139 878 4194 wtddie
887 4136 1024 4192 idestidm
1037 4138 1167 4195 mnino
1182 4156 1198 4194 e
