2846 4724
181 325 183 337 ·
260 317 273 346 '
608 335 748 410 unm.
1051 315 1073 337 “’
1144 329 1236 410 ιιι,

255 490 327 546 Plio.
340 487 414 542 utu.
431 505 459 543 ιι.
473 487 517 558 66,
535 486 620 554 5,12.
637 507 687 558 quo
706 489 784 560 (ltro)
800 457 955 566 prietigata
977 495 1053 563 iru‘ra
1072 502 1152 567 caput
1165 495 1207 552 ai-

218 595 283 648 pera
294 575 462 645 pependerit,
479 577 558 628 doner
573 576 769 629 exanimaretur.
943 587 949 600 ⁴

256 676 348 731 Tacit.
364 678 432 745 Agr,
447 675 491 728 12.
506 679 602 730 scilieet
616 667 731 730 extrema
745 685 769 730 et
783 653 869 747 plana
884 683 1018 732 terrarum
1039 643 1134 733 humili
1147 696 1207 734 uut-
1225 676 1228 684 ’

195 759 197 764 '
220 765 266 815 ira
279 781 329 814 aaa
348 763 457 832 erigunt
474 765 610 827 tenebrae,
634 764 755 831 infraque
778 762 875 815 eaelum
897 769 923 816 et
942 763 1031 817 rirlera
1055 755 1105 816 ποτ’
1125 765 1205 818 eadit.
1296 785 1298 792 ’

221 846 241 899 i.
256 863 281 899 a.
299 846 339 899 ita
351 850 383 898 nt
398 847 506 899 eoelum
525 835 630 901 olornln
648 853 781 915 appareat
795 862 887 916 supra.

227 976 270 1034 ¹2.
296 967 464 1050 Quoniam
483 969 517 1032 in
537 967 599 1046 hae
622 991 735 1034 rerum
758 991 912 1035 mensura
934 977 1044 1056 partes
1067 966 1118 1034 rel
1136 965 1206 1034 loci

150 1055 238 1120 inter
262 1077 297 1119 se
324 1065 577 1140 comparantur,
619 1066 709 1119 reete
740 1055 862 1120 dicitur
893 1054 989 1145 infru
1014 1087 1058 1104 -
1090 1075 1204 1140 quam,

152 1139 244 1226 quod
269 1161 338 1204 non
365 1149 412 1200 est
439 1161 504 1226 pro
526 1136 671 1228 inferius
695 1177 729 1192 ·-
760 1141 883 1228 qu'am,
905 1151 942 1204 ut
965 1138 1063 1226 vulgo
1087 1139 1205 1205 existi·
1241 1163 1244 1168 ’

150 1235 257 1289 mant.
287 1225 403 1310 Neque
419 1224 505 1288 enim
527 1227 587 1290 alia
604 1237 650 1290 est
670 1227 753 1290 ratio
771 1237 869 1314 atque
886 1227 919 1289 in
934 1236 1016 1289 aute
1030 1260 1072 1273 —
1089 1246 1204 1311 quam.

149 1311 259 1376 Nemo
279 1320 386 1372 tamen
407 1309 643 1396 elegantiarum
666 1312 866 1398 scriptorum
891 1314 936 1396 ita
962 1310 1121 1396 loquutus
1145 1320 1204 1390 eat,

150 1417 352 1481 quamquam
370 1393 580 1460 Heindoufius
607 1397 803 1462 Ciceronem
817 1397 994 1484 's'cripsisse
1015 1395 1054 1459 de
1072 1395 1147 1459 Nat.
1170 1394 1203 1459 d.

90 1508 93 1518 ·
149 1487 183 1560 2,
199 1482 252 1545 54.
270 1478 484 1570 opinabatur:
528 1478 1085 1570 une-runtinfraquamidquod
1100 1478 1204 1545 devo-

148 1577 261 1641 ratur.
313 1565 428 1649 Neque
448 1503 536 1630 adli
1027 1568 1035 1581 ’

148 1648 269 1740 infra,
286 1673 361 1736 ,qua
380 1651 509 1738 legitur.
556 1651 634 1735 Qua
653 1654 741 1718 enim
759 1665 804 1718 est
826 1652 901 1734 ubi,
924 1654 992 1740 qnia
1003 1661 1119 1738 purte.

250 1771 338 1822 Varro
354 1769 388 1822 tle
404 1770 448 1822 Ro
461 1789 484 1822 r.
499 1771 525 1835 l,
541 1769 585 1836 41,
600 1770 626 1825 3.
644 1774 674 1825 in
693 1791 745 1841 qua
761 1773 893 1835 inserunt,
914 1773 943 1824 iu
958 1789 992 1823 ea
1010 1771 1102 1840 paullo
1116 1769 1202 1836 iufra,
1236 1755 1237 1762 ¹

216 1871 293 1924 quam
314 1855 418 1907 inritum
434 1861 490 1918 eat,
505 1856 631 1908 incidunt.
664 1857 736 1909 Plio.
757 1857 830 1910 flur.
850 1875 876 1910 n.
891 1856 943 1920 16,
958 1854 1006 1920 66,
1022 1853 1067 1908 63.
1084 1854 1109 1906 ιι·
1126 1855 1202 1919 infra
1220 1909 1222 1919 ,
1257 1852 1261 1858 “

538 1589 577 1630 oc
602 1581 704 1655 genus
728 1571 900 1654 pertinent
916 1567 1000 1641 loci,
1024 1589 1059 1630 ιιι
1084 1565 1203 1652 quibua
1331 1607 1335 1614 ·

215 1956 294 2008 quam
312 1938 382 1991 rami
394 1943 472 2005 suere
485 1941 656 2009 maeeidatur
674 1942 743 2008 qaod
763 1949 896 2010 superest,
912 1941 995 1994 uiuite
1009 1939 1037 1993 'ri
1051 1955 1110 1992 aera
1123 1953 1218 1992 aarum
1236 1931 1244 1997 s
1311 1970 1314 1986 ·

214 2041 274 2076 uren
286 2031 388 2076 tautum
406 2027 561 2088 auferatur,
580 2031 633 2076 tota
650 2025 768 2076 moritur.

246 2126 343 2177 Gelono
357 2125 384 2187 3,
398 2123 440 2177 2³.
453 2131 531 2193 serra
547 2127 673 2178 candente
694 2127 720 2178 iu
740 2117 856 2194 occipitio
870 2141 969 2196 quoque
985 2128 1011 2176 et
1035 2123 1128 2190 iufra,
1145 2138 1201 2190 qua
1224 2141 1227 2146 ’

213 2227 316 2282 summa
339 2213 456 2263 uertebra
478 2227 535 2262 eura
556 2211 642 2279 eapite
667 2212 849 2274 committitur,
872 2211 988 2261 adurere.
1007 2208 1112 2259 eluatur
1131 2207 1202 2259 loeir.

173 2333 175 2340 .
216 2291 491 2358 ovia.Mat.12,419.
508 2294 620 2345 iaculum
637 2295 669 2346 de
676 2301 755 2363 parte
767 2295 874 2347 riuirtra
890 2293 961 2347 verrit
976 2297 1003 2347 et
1013 2293 1202 2362 inserirupaua

216 2379 281 2432 eollo
296 2387 404 2448 pectora
423 2379 544 2443 rubeant,
564 2378 686 2445 Cyllene,
704 2385 730 2430 te
738 2381 813 2447 fixit.

216 2506 262 2566 ·3.
287 2501 336 2564 De
352 2500 593 2588 regionibuset
610 2497 649 2562 de
667 2499 731 2564 situ
747 2501 900 2578 locorum
918 2509 1115 2588 usurpatur,
1138 2517 1200 2561 noe

147 2596 276 2651 tantum
296 2586 525 2650 dementibus
543 2595 574 2649 et
592 2583 632 2647 de
648 2584 861 2667 fluminibus,
883 2585 940 2649 aed
966 2588 1064 2651 etiam
1088 2583 1127 2648 de
1150 2581 1200 2660 iis,

148 2694 232 2759 quae
258 2672 390 2758 longius
424 2677 553 2735 remota
586 2680 639 2732 aut
672 2673 867 2758 postellum
891 2671 1005 2734 locum
1029 2673 1200 2735 sitasunt.

147 2758 191 2822 Et
209 2759 344 2846 proprie
363 2756 517 2830 dicuntur
531 2755 618 2826 inira
633 2757 761 2844 posita,
786 2779 870 2845 quae
883 2757 924 2822 ad
948 2777 1104 2822 occasum
1121 2751 1201 2818 solia

145 2853 298 2931 vergunt.
787 2899 789 2906 ,
979 2847 983 2854 “

222 2963 319 3038 [Plio.
342 2961 415 3016 nist.
441 2979 468 3012 ιι.
490 2959 541 3025 ut,
565 2957 679 3023 19,15.
704 2961 827 3015 Minerua
842 2990 878 3000 —
903 2961 979 3032 iufra
1002 2959 1157 3032 Capitolium
1181 2973 1200 3010 a

215 3048 310 3113 Quinto
326 3048 429 3099 Lutatio
446 3046 539 3096 Catulo
554 3044 654 3096 dicata.
686 3044 757 3098 Plio.
771 3047 858 3114 Epist.
875 3047 910 3113 8,
925 3045 959 3110 8,
974 3044 1000 3099 6.
1020 3046 1050 3098 iu
1071 3043 1202 3115 ruperim

209 3141 287 3204 purte
302 3131 433 3201 nauigare
446 3137 565 3193 tantum,
582 3129 655 3194 iufra
672 3131 754 3182 etiam
768 3139 863 3185 natare
880 3146 1036 3186 cauterium.

206 3289 209 3296 ,
250 3236 327 3288 Gaea.
343 3234 375 3285 B.
389 3233 456 3302 gall.
475 3231 508 3297 4,
525 3231 569 3285 66.
594 3232 731 3284 onerariae
753 3235 822 3285 duae
844 3235 961 3298 eosdem,
990 3249 1053 3302 quot
1074 3231 1199 3298 reliquae,

211 3327 304 3390 portur
319 3336 408 3388 capere
422 3337 474 3370 aaa
486 3325 643 3387 potuerunt,
661 3318 706 3370 reti
717 3319 810 3389 paullo
828 3319 903 3387 iusra
925 3316 1028 3369 deletae
1051 3319 1120 3368 ruat.
1137 3309 1156 3369 ἱ.
1172 3328 1199 3365 ο.

218 3404 252 3456 nd
267 3420 393 3470 oceanum
412 3401 485 3454 solia.

251 3505 308 3558 Cio.
330 3504 359 3558 in
377 3506 454 3558 l'err.
470 3501 498 3569 4,
512 3502 556 3569 23,
570 3499 613 3555 61.
633 3501 833 3571 Archagathum
855 3511 879 3556 et
899 3507 1041 3572 argentum
1061 3501 1090 3552 iu
1109 3496 1199 3552 leelina

143 3641 145 3646 .
215 3593 309 3644 rubam
322 3591 358 3642 ad
371 3607 443 3642 mare
458 3589 533 3655 iufra
547 3587 672 3655 oppidum
686 3595 821 3656 expectat.
855 3586 927 3642 Plio.
942 3577 1014 3638 litut.
1033 3579 1200 3646 ιι.6.16,26.

120 3742 122 3750 y
215 3676 286 3743 infra
302 3675 460 3728 solitudines.
483 3671 520 3737 ,6,
535 3670 579 3740 21,
595 3669 640 3723 31.
657 3670 730 3737 iufra
745 3679 784 3725 eat
798 3673 918 3725 Sauone.
951 3668 986 3736 6,
1000 3668 1050 3737 21,
1065 3665 1109 3719 62.
1125 3665 1200 3734 iufra

213 3762 342 3814 Eulaeum
361 3760 476 3828 Elymais
490 3765 535 3810 eat.
1187 3783 1190 3796 .

249 3863 330 3916 oua.
346 3862 412 3914 Met.
429 3861 455 3926 2,
468 3858 707 3932 2082iaserr'mpue
723 3859 924 3926 enarraturos
939 3868 1043 3907 carrera
1056 3851 1135 3906 laena
1150 3850 1201 3904 aa·
1275 3883 1279 3887 -
1391 3869 1392 3886 ι

214 3949 325 4002 miratur
337 3965 421 4017 equor.

227 4071 260 4134 4.
295 4068 436 4154 Proprie
456 4075 639 4154 uaurpatur
666 4054 707 4129 de
734 4061 852 4127 ordine
880 4056 1142 4127 accumbentium
1164 4055 1200 4121 in

144 4153 302 4223 triclinio.
364 4155 432 4238 Qui
454 4152 543 4218 onim
565 4149 655 4219 infra
680 4148 797 4239 cubat,
827 4145 868 4212 ad
889 4148 1039 4214 dextram
1067 4139 1200 4210 alteriue
1315 4149 1318 4163 '
1383 4130 1386 4140 ’
