2856 4720
630 367 692 435 in·
758 419 782 466 ῃ,
941 423 944 430 ,
1128 369 1208 437 ns·

80 549 84 558 ’
135 527 171 594 in
189 549 223 593 n.
243 529 278 608 7,
321 526 363 591 At
379 543 443 612 pro
460 521 632 612 imprimis
646 521 768 610 legitur
789 518 877 608 apud
902 519 971 587 cie.
996 520 1036 588 de
1058 521 1134 589 Nat.
1156 523 1193 592 d.

136 621 175 695 1,
200 612 218 694 i
228 661 238 694 ,
261 618 293 678 2.
318 609 408 698 qnod
423 632 508 675 ¹atrro
531 609 682 674 monime
702 629 775 672 rem
791 627 1013 694 caussamque
1030 608 1211 695 conts‘ner‚'x

135 711 251 765 utrum
267 697 357 764 ninii
372 707 486 784 ogoni
505 733 550 746 -
574 719 622 760 on
641 707 764 760 contro
783 690 827 759 oh
841 691 895 756 liis
918 703 952 757 et
975 716 998 758 o
1017 696 1193 783 principio

135 785 254 852 omnio
268 781 367 870 focio
386 794 418 847 et
434 783 621 846 constituto
637 781 708 846 sint
728 816 789 860 -,
809 778 1044 866 imprimisque
1057 804 1194 870 mogun

136 870 304 936 dissensio
322 880 383 934 est.
427 868 563 933 Dictum
580 877 697 955 putant
721 864 946 952 grammatici,
972 877 1009 928 ut
1028 867 1194 956 hodieque

146 953 200 1021 ‘ro
215 955 337 1028 hodie,
359 954 400 1018 de
422 974 490 1039 qno
511 974 573 1017 sno
590 953 668 1017 loco
687 953 764 1016 satis
787 951 989 1036 expositum.
1031 952 1194 1040 Wytten·

133 979 288 1123 ischias,
310 1037 460 1104 Wolfius
477 1039 596 1124 aliique
612 1037 798 1124 exstirpant
814 1035 896 1099 iliud
917 1058 998 1123 que,
1024 1039 1117 1124 qnod
1131 1040 1193 1107 etsi

134 1129 281 1195 alienum
306 1125 346 1190 ab
370 1145 432 1189 usu
455 1123 642 1205 Ciceronis,
661 1133 774 1187 tamen
808 1121 895 1186 unde
917 1124 1062 1206 venerit,
1089 1147 1192 1191 neme

137 1209 391 1278 demonstravit.
449 1209 607 1296 Reliquae
642 1206 888 1275 emendationes
921 1229 1039 1274 omnes
1070 1211 1193 1276 nullius

133 1299 227 1385 frugi
247 1295 504 1369 assendentes,
526 1304 767 1382 praeteream,
792 1314 890 1378 quam
907 1294 1078 1372 Emeetius
1097 1298 1193 1362 inse-

131 1386 202 1464 nit‚
226 1404 315 1448 nnnc
339 1381 438 1452 etiarn
462 1381 614 1445 Creneeri
639 1380 752 1443 codiee
776 1376 952 1444 firmatam.
1003 1381 1194 1448 Praemissis
1294 1377 1298 1384 ’

133 1471 222 1536 enim
241 1468 346 1538 verbis
363 1465 468 1552 deque
481 1465 535 1530 isis
551 1487 686 1530 srrmmo
696 1464 981 1552 philosophorum
1003 1465 1198 1542 dissensio-,

134 1577 177 1622 ne
202 1563 447 1618 sertotnrnon
473 1550 550 1614 satis
579 1563 654 1637 apte
689 1551 855 1615 adduntur
885 1550 983 1615 verba
1019 1552 1192 1639 imprimis
1219 1573 1223 1582 ·

132 1661 268 1726 magno
286 1635 452 1700 dissensio
468 1649 529 1701 est.
575 1637 638 1700 Sed
657 1635 772 1700 Cicero
790 1637 930 1700 mutavit
952 1643 1136 1720 prationem
1155 1640 1192 1704 in

133 1723 220 1790 hane
242 1723 461 1787 sententiam:
485 1721 575 1807 qued
607 1743 685 1787 vero
709 1722 857 1785 maxime
878 1743 950 1785 rem
976 1745 1124 1788 caussam
1150 1746 1193 1791 ue

134 1810 302 1889 eontinet,
332 1806 410 1894 (hoe
437 1805 520 1892 est‚)
548 1817 661 1872 utrum
686 1806 770 1870 nihil
793 1815 889 1893 agant
912 1806 975 1881 dii,
1006 1831 1047 1873 an
1072 1810 1112 1874 ab
1164 1813 1191 1876 is

134 1896 247 1962 omnia
265 1906 422 1980 regantur
439 1905 537 1978 atque
560 1903 773 1957 moveantnrz
799 1891 1032 1981 imprimisque
1056 1917 1193 1982 magno

133 1981 301 2048 dissensio
316 1990 367 2044 est
387 2001 440 2052 eu,
465 2001 552 2066 quoe
568 1979 637 2042 nisi
652 1977 860 2041 diiudicetur
875 1977 913 2040 in
927 2000 1058 2043 summo
1074 2003 1191 2046 errore

133 2090 268 2135 necesse
284 2077 334 2131 est
348 2063 502 2130 nomines
517 2075 618 2153 atque
634 2063 672 2129 in
690 2063 925 2136 maximarum
948 2084 1065 2129 rerum
1086 2066 1192 2153 igno-

133 2154 271 2223 ratione
286 2149 428 2218 sersori.
493 2195 497 2209 i
937 2176 939 2183 ·

611 2321 706 2410 IN.

217 2505 384 2574 Plurimae
417 2503 548 2593 linguae
584 2511 772 2591 congruunt
801 2505 835 2571 in
874 2489 1121 2595 praepositione
1152 2525 1190 2574 m

134 2593 271 2683 eiusque
287 2593 397 2659 forma
414 2614 450 2656 ae
466 2591 725 2656 constructione.
770 2592 842 2655 Vna
859 2593 946 2658 enim
974 2615 1052 2660 voce
1074 2604 1107 2659 et
1122 2603 1192 2658 sta-

137 2683 259 2747 tamin
279 2678 480 2778 aliquoloco
503 2688 535 2743 et
553 2688 686 2741 motum
709 2677 746 2740 in
765 2675 807 2742 ali
833 2682 908 2743 uem
931 2680 1044 2746 locum
1065 2677 1193 2768 signifi-

137 2777 232 2846 cant,
256 2763 421 2852 siquidem
446 2763 650 2828 Graecorum
670 2764 717 2838 ,εἰς
740 2699 890 2831 eamdem
913 2767 1076 2852 originem
1098 2765 1193 2830 duxit

136 2875 178 2919 ex
192 2853 259 2932 ἔνς,
281 2850 370 2916 unde
389 2845 561 2914 factasunt
582 2849 614 2912 iv
630 2859 661 2912 et
679 2850 734 2912 sio.
782 2849 853 2913 Vid.
869 2849 1027 2916 Matthiae
1043 2852 1193 2917 Gramm.

136 2961 186 3027 gr.
207 2943 282 3016 578,
303 2943 332 3001 1.
354 2946 386 2999 et
405 2934 515 3000 Carol.
541 2934 644 2998 Gottl.
671 2932 847 2998 Schmidtii
868 2935 1001 3016 Quaest.
1029 2937 1069 3002 de
1094 2939 1194 3002 Prae-

135 3024 236 3113 posit.
252 3022 375 3112 graecis
393 3043 427 3110 p.
438 3025 469 3085 8.
492 3020 601 3085 Latini
617 3020 655 3082 in
663 3041 726 3106 pro
748 3022 789 3099 iv,
807 3020 894 3084 endo
911 3046 974 3109 pro
992 3024 1080 3088 ἔνδον
1095 3022 1193 3088 dixe·
1305 3058 1309 3065 -

135 3109 233 3188 ruht,
263 3109 303 3172 de
345 3129 388 3171 ue
413 3104 650 3171 vid.Tom.2.
698 3108 798 3170 .878.
844 3107 930 3172 Haec
958 3120 1193 3196 veroetymo·

136 3195 244 3280 legiae
264 3131 478 3258 fundamenta
502 3213 571 3255 non
594 3127 793 3254 eatisiircient
817 3192 855 3256 iis
881 3193 958 3257 viris
982 3194 1108 3275 doctis,
1134 3191 1193 3280 qui

136 3281 290 3350 omnium
313 3277 554 3344 vocabulorum
581 3277 706 3343 semina
736 3299 778 3340 ex
803 3275 965 3343 Indorum
999 3280 1192 3366 regionibus

136 3391 154 3432 s
181 3377 317 3449 portare
341 3363 471 3429 solenti
505 3383 705 3448 quamquam
729 3361 792 3449 ipsi
812 3377 931 3450 magna
964 3365 1195 3452 desperatione

137 3389 347 3527 eiicientur,
370 3470 473 3536 quum
491 3448 620 3520 vident,
646 3447 684 3510 in
711 3457 743 3509 et
763 3449 799 3512 ἐν
818 3470 887 3513 non
913 3448 1008 3516 facile
1031 3474 1130 3550 posse
1151 3471 1195 3514 ex
1220 3465 1222 3470 ·
1249 3480 1254 3492 ·

137 3536 251 3602 indico
270 3536 363 3601 fonte
383 3535 534 3599 derivari.
578 3532 661 3596 Nam
679 3530 769 3617 quod
788 3532 936 3600 Lisehius
958 3536 1132 3602 inlibelio
1154 3535 1195 3599 de

136 3620 443 3710 Praepositionibus
457 3619 620 3684 invenisse
638 3617 701 3684 sibi
715 3619 801 3683 visus
823 3631 909 3702 erat,
930 3623 968 3686 in
992 3644 1060 3686 esse
1083 3615 1212 3687 inver-‘

138 3730 213 3773 snm
229 3708 269 3772 ni
288 3707 452 3789 indicum,
475 3705 622 3792 Beppius
638 3704 741 3788 qualis
759 3703 801 3768 sit
817 3705 913 3770 huius
929 3708 1122 3774 eruditionis
1139 3727 1194 3773 ve·

135 3795 216 3860 ritas
237 3792 381 3857 declarat
397 3793 430 3855 in
456 3792 609 3855 Gremm.
634 3789 780 3854 sanserit.
802 3815 836 3856 n.
850 3799 928 3857 111:
950 3794 1195 3874 demonstrans,

137 3879 219 3944 iliud
242 3879 281 3944 ni
307 3875 491 3962 significare
521 3875 697 3952 deorsum,
723 3874 795 3939 suh.
845 3877 1047 3943 SchmidtIns
1066 3889 1195 3960 nantem,

137 3964 287 4030 indicum
322 3975 429 4028 ontor
462 3982 683 4049 comparans,
715 3959 833 4039 habet,
871 3985 937 4048 quo
963 3964 1196 4052 cognationem

138 4050 347 4115 demonstret
362 4047 542 4116 verborum
556 4046 796 4112 diversissimae
811 4047 1058 4135 significationis
1075 4052 1125 4130 iv,
1147 4050 1196 4128 in,

138 4131 226 4216 desi,
256 4145 347 4200 onte.
398 4134 463 4199 Sed
485 4133 638 4222 Beppius
670 4131 705 4197 in
728 4135 918 4199 Comment.
951 4135 1027 4202 Soc.
1048 4132 1195 4201 Berolin.
1282 4210 1284 4215 .

138 4219 329 4290 snni1826.
347 4241 383 4310 p·
398 4223 441 4292 86
458 4217 727 4290 senescetis
749 4227 782 4285 et
804 4219 1074 4372 ilprpnominale
1099 4221 1196 4288 unius
1283 4291 1289 4300 ,
