2856 4722
281 394 344 457 sse
588 377 594 382 ”
728 369 911 474 lu'r'un¹

386 532 583 602 8111111ρὶ11.
599 531 643 596 91,
656 534 681 588 5.
696 522 774 589 'iiiior
794 538 842 591 titi
861 542 960 588 noctem
980 533 1099 603 promitte
1110 533 1129 597 ‚'
1141 527 1193 586 rece¹
1208 533 1325 602 dissero:

352 627 421 678 intra
437 620 718 690 comperendinationem
730 624 801 690 fider
818 619 936 690 promissi
950 618 999 670 mei
1014 617 1102 669 statii.
1119 615 1137 667 i.
1151 607 1265 670 eseitra
1279 616 1326 668 di-

352 708 483 762 lntionem
497 705 524 757 iu
540 704 722 772 perendinum.
756 702 966 770 PcutncinDig.
980 699 1124 767 lt‚1,u,s.
1144 708 1251 769 utroque
1258 701 1328 751 enirn

354 809 416 846 caea
431 798 543 842 autnon
557 789 627 839 aitra
640 790 768 857 pretinm.
786 797 834 842 oat
850 790 924 840 intra
944 787 1051 855 pretium
1069 785 1169 853 jecisti.
1203 785 1258 838 set
1273 779 1329 836 i'c·

354 876 444 946 piscus
458 872 547 925 Tacit.
566 871 605 923 tl.
621 874 674 941 ipre
682 874 739 938 soit
753 875 821 926 citae
834 871 1014 942 parcissimae,
1032 870 1070 920 ita
1084 876 1113 921 at
1130 870 1272 931 rectoriam
1287 870 1329 921 oi-

308 949 313 958 ’
355 963 385 1014 ni
404 966 462 1024 toto
479 959 520 1009 die
541 973 680 1024 numeriam
698 959 840 1026 potaverit,
859 971 935 1024 caepe
955 950 1255 1005 increementa.
1272 941 1329 1004 nia

356 1044 429 1097 ultra
442 1039 588 1093 heminam.
610 1093 612 1098 ,

392 1144 450 1196 Lir.
464 1139 507 1204 31,
524 1139 566 1204 te,
584 1138 608 1191 i.
625 1139 654 1191 in
667 1139 727 1190 atiie
738 1123 813 1190 retas
827 1137 928 1190 cessisse
943 1137 1014 1188 intra
1026 1136 1110 1202 finem
1131 1134 1195 1186 iaric
1207 1139 1256 1189 mei
1272 1140 1325 1190 eni·

353 1229 415 1281 tito
436 1225 520 1278 uideri
541 1226 647 1287 mutim,
668 1237 745 1290 qnam
762 1223 840 1274 arimin
856 1220 1021 1288 pertinaciter
1043 1220 1070 1270 in
1092 1219 1224 1272 obtinendo
1242 1239 1270 1273 ea
1290 1230 1329 1274 tc-

354 1313 470 1366 tendisse.
506 1306 823 1360 Gronoriue‘iiumenem
837 1304 948 1373 putabat
964 1301 1072 1368 dixisse,
1087 1319 1117 1354 ee
1130 1302 1227 1368 minus,
1247 1321 1328 1371 queas

356 1396 522 1462 deponetur,
542 1391 698 1457 petiturum.
733 1389 792 1456 Ego
808 1405 873 1442 vero
894 1379 963 1440 intra
977 1387 1060 1452 finem
1076 1387 1147 1440 iaris.
1156 1389 1206 1439 mei
1221 1387 1327 1456 signiti-

356 1495 420 1534 enre
443 1475 578 1532 arbitrere
596 1473 623 1523 ire
643 1473 699 1526 iocre
714 1489 792 1534 meo,
810 1472 880 1540 quod
903 1470 1046 1538 opponitur
1068 1470 1273 1527 benevolentius
1300 1478 1328 1525 11

353 1561 467 1658 honorpr
483 1556 580 1612 studio.

374 1689 423 1747 10.
446 1679 612 1759 Quoniam
630 1677 674 1748 is,
700 1675 757 1760 qui
783 1675 870 1738 intra
892 1676 1051 1738 terminos
1074 1695 1109 1738 se
1130 1683 1236 1754 tenet,
1258 1696 1327 1740 non

186 1815 187 1818 ,
288 1767 391 1845 modo
408 1787 474 1834 non
491 1761 619 1828 excedit
640 1782 715 1838 eos,
736 1759 791 1823 sed
817 1781 858 1824 ne
876 1762 1006 1843 attingit
1030 1761 1163 1844 quidem
1186 1770 1219 1824 et
1242 1783 1325 1846 pro·
1417 1835 1418 1842 ἵ

290 1841 468 1930 culest'ab
486 1850 705 1927 inremotus,
726 1845 820 1907 intra
839 1845 995 1922 etodium,
1018 1843 1111 1908 intra
1135 1845 1326 1930 11311111-

119 1939 123 1946 ’
211 1966 214 1972 ’
287 1940 349 2004 tini
368 1946 489 2002 veteres
514 1933 626 1996 dicunt
652 1930 691 1992 de
715 1950 775 2006 eo,
795 1930 850 2013 qui
873 1931 981 1993 miuus
1008 1939 1145 2013 praestat
1171 1941 1225 1992 aut
1249 1932 1326 2016 agit,

290 2045 387 2109 quarn
407 2018 525 2083 modus
549 2015 727 2103 permittit,
752 2013 890 2098 ideoque
909 2013 993 2076 inira
1012 2015 1148 2076 modum
1174 2037 1207 2078 se
1230 2027 1326 2101 gent.

289 2109 326 2175 Id
352 2102 526 2171 recentiori
558 2113 711 2186 ternpore
744 2097 783 2160 nd
810 2098 1063 2186 qualescumque
1096 2099 1247 2184 notiones
1279 2111 1329 2164 cst

289 2193 502 2263 translatum,
525 2195 557 2248 et
581 2185 747 2248 dicebatur
769 2183 863 2246 intro
891 2181 1044 2270 ntiquom
1069 2205 1139 2247 rem
1163 2207 1233 2246 esce
1264 2208 1327 2272 pro

291 2301 362 2344 eam
387 2297 454 2340 nou
478 2273 655 2357 attingere,
679 2269 773 2332 intro
788 2265 928 2356 famam
953 2271 991 2330 de
1016 2290 1074 2346 eo,
1104 2267 1159 2354 qui
1178 2291 1243 2332 nou
1267 2273 1328 2334 ad.

291 2374 386 2512 eptas
402 2368 469 2424 erat
486 2355 627 2428 famam,
651 2365 681 2416 et
697 2354 790 2416 intra
807 2365 939 2417 censam
955 2353 995 2418 de
1018 2375 1153 2416 nurnero
1175 2373 1243 2417 uun
1268 2378 1326 2419 ex-

289 2458 392 2538 peto.
439 2441 516 2506 Vide
536 2440 716 2504 timot-ad
737 2438 803 2501 Cic.
819 2439 924 2524 Epist.
940 2439 971 2514 4,
986 2441 1018 2501 4.
1043 2439 1189 2502 Gronov.
1205 2439 1246 2502 ad
1264 2441 1328 2504 Se-

290 2555 364 2598 111.
381 2529 469 2594 Med.
487 2531 562 2592 520.
581 2525 658 2587 etin
673 2523 807 2586 Observ.
823 2530 852 2596 1,
873 2529 921 2587 10.
942 2519 1142 2587 Freinsirern.
1160 2521 1229 2586 ind.
1241 2523 1330 2591 Flor.
1404 2553 1406 2565 ⁴

290 2642 317 2682 s.
336 2616 369 2680 h.
386 2636 413 2678 v.
439 2611 628 2676 Bronkhus.
654 2610 692 2671 ad
720 2611 864 2694 Propert.
881 2613 911 2676 3.
930 2613 961 2688 7,
977 2613 1007 2672 2.
1029 2607 1140 2671 Burin.
1169 2608 1208 2671 ad
1230 2609 1330 2676 ovid.

292 2703 396 2766 'l'rist
417 2703 448 2773 3,
466 2702 498 2773 4,
513 2700 564 2760 25.
589 2693 802 2780 Oudendorp.
826 2693 864 2756 ad
888 2693 946 2757 Sil.
970 2693 1040 2756 itai.
1068 2697 1205 2772 15‚107.
1229 2705 1261 2758 ct
1286 2696 1330 2762 ad

289 2783 419 2874 Apulei.
438 2781 539 2844 Tarm
559 2785 589 2843 2.
612 2801 645 2864 p.
668 2783 717 2841 16.
760 2778 823 2842 Sed
843 2778 876 2840 hi
894 2778 996 2842 critici
1017 2799 1118 2864 quum
1143 2781 1330 2846 statuissent

291 2873 387 2936 intra
414 2861 597 2953 significare
621 2862 759 2940 mitons
780 2863 904 2927 diversa
924 2869 1126 2927 'uriacueruat
1155 2873 1186 2926 et
1216 2868 1331 2930 multis

289 2956 372 3022 locis
390 2949 695 3037 interpretationem
720 2947 956 3022 adhibuerunt,
981 2970 1078 3035 quam
1097 2947 1260 3013 Bentleius
1279 2952 1332 3018 11·

289 3039 487 3104 bricuiosam
512 3033 662 3121 appellat.
706 3032 735 3096 is
757 3034 845 3098 enim
869 3055 951 3097 unus
979 3034 1147 3098 restrinxit
1173 3034 1331 3101 oirserva-

289 3129 418 3192 tionem
437 3121 640 3186 criticorum.

391 3242 448 3296 cto.
463 3242 497 3296 eti
512 3239 588 3292 Fam.
602 3235 629 3301 4,
645 3208 672 3300 4,
689 3233 734 3286 14.
751 3239 847 3291 modice
861 3239 908 3290 itoc
916 3239 1020 3306 sociam
1037 3244 1082 3289 cat
1093 3238 1172 3290 etiam
1187 3239 1259 3292 intra
1272 3259 1331 3294 mo-

357 3330 428 3380 dam.
461 3324 487 3388 11,
501 3323 545 3385 211,
560 3324 586 3376 n.
603 3323 738 3390 epulamur
759 3340 812 3374 nno
836 3341 887 3374 non
908 3325 983 3374 modo
1002 3339 1053 3372 non
1077 3330 1166 3374 cantra
1187 3325 1286 3393 legem,
1307 3331 1332 3379 si
1416 3329 1417 3390 ζ

358 3411 414 3462 alta
434 3425 502 3461 nnnc
525 3408 564 3459 ter
587 3414 640 3469 ert,
667 3406 712 3456 ced
734 3407 814 3458 ctiam
832 3408 902 3458 intra
926 3407 1009 3476 legem
1025 3412 1050 3457 et
1070 3407 1171 3473 quidem
1187 3408 1330 3475 adorante.
1416 3457 1417 3464 ,

355 3492 398 3547 lie
411 3491 456 3544 hir
473 3489 577 3543 Gellius
593 3489 636 3553 12,
652 3488 695 3540 13.
715 3490 812 3540 modice
830 3490 948 3551 dixerat,
967 3490 1047 3542 idest
1070 3507 1125 3542 cara
1153 3491 1225 3552 modo
1247 3509 1329 3560 aequo
1416 3479 1417 3488 ¹

355 3587 380 3632 ct
395 3577 474 3645 pari:
492 3575 588 3635 deinde.
607 3573 683 3642 quari
696 3573 743 3624 ieoe
764 3573 906 3640 displiceret
919 3579 943 3623 11
957 3574 1088 3642 corrigere
1106 3573 1134 3626 id
1152 3575 1232 3636 oetier,
1250 3576 1329 3630 addit

357 3669 419 3713 ant
438 3661 545 3719 etiam
564 3661 662 3711 intra
681 3659 831 3709 modamr
847 3674 893 3725 per
908 3658 973 3722 qaod
995 3659 1105 3709 ostendit
1128 3658 1212 3707 mirone
1230 3675 1282 3710 occe
1301 3661 1329 3712 id

351 3749 490 3813 saetarum
505 3761 572 3806 esse,
589 3760 666 3810 qnam
684 3743 751 3808 qaod
761 3742 825 3806 fieri
839 3735 935 3794 modice
950 3741 1094 3791 videretur:
1110 3741 1137 3792 id
1152 3747 1205 3802 est,
1223 3759 1273 3794 non
1292 3745 1329 3796 ad

354 3831 440 3896 iprum
455 3829 576 3893 modam,
601 3828 646 3878 sed
668 3825 736 3876 r'etro
750 3826 897 3894 partiatum
919 3830 943 3875 ct
967 3823 1033 3874 citro
1049 3824 1160 3874 modam.
1195 3825 1329 3879 Posses-a-

355 3912 427 3975 tine,
450 3923 532 3978 qrrum
552 3910 646 3964 omnia
668 3907 740 3962 intre
761 3909 869 3960 modum
894 3905 1019 3958 iacienda
1038 3915 1144 3971 errent,
1170 3910 1330 3964 mutandam

354 3992 773 4064 111111111111111111111111.
820 3992 875 4044 Sed
897 3990 1026 4044 reiatuvit
1044 4007 1106 4043 earn
1127 3991 1280 4046 Gronovius
1300 3996 1329 4050 in
1415 4017 1416 4034 o

355 4076 466 4132 Observ.
485 4079 565 4144 1,10.
585 4075 1016 4144 110111111111111111111111
1038 4075 1092 4128 itu:
1113 4084 1214 4130 tuntum
1236 4079 1325 4146 abest,

352 4170 384 4216 11
403 4165 492 4233 legem
514 4161 747 4252 renumerationem
768 4168 797 4214 et
818 4159 936 4224 limites,
967 4178 1033 4232 qnos
1056 4159 1105 4212 1111
1126 4159 1266 4224 definivit,
1293 4171 1326 4222 ut
