2902 4718
275 355 336 440 150
471 349 495 366 '¹
518 375 531 430 τ’
743 373 833 444 IAM.

358 531 388 594 1.
416 529 487 611 Eo,
515 547 614 616 quem
635 527 746 618 paullo
769 540 843 596 ante
865 523 1022 619 exposui,
1060 547 1155 596 sensu
1186 533 1313 619 saepius

278 613 313 678 in
336 616 475 678 transitu
497 615 653 678 orationis
675 617 827 682 dicuntur
850 615 922 681 ium
939 639 1031 697 vero,
1053 617 1143 704 ,quae
1157 615 1315 682 lectorem

279 708 441 764 attentum
455 697 596 766 reddunt
615 701 653 763 ad
675 722 798 768 novum
822 701 1063 788 argumentum,
1090 701 1139 767 vel
1157 701 1197 782 ad
1212 701 1316 782 aliam

277 805 351 850 rem
375 806 494 874 veram.
543 785 692 850 Procedit
715 787 802 872 enim
826 788 931 852 oratio
951 785 1057 869 alind,
1087 783 1176 874 quod
1202 807 1316 851 verum

279 868 338 944 sit,
373 867 557 935 indicando.
606 871 736 936 Praeter
764 873 908 937 comicos
939 893 1056 948 nemo,
1090 869 1317 957 quod'sciam,

279 950 362 1018 dixit
376 954 448 1018 ium
463 967 594 1019 atatem:
616 979 714 1021 nemo
733 959 842 1046 potuit
865 958 970 1022 dicere
995 957 1067 1022 ium
1090 957 1190 1021 enim.
1231 956 1317 1020 Nam

279 1038 370 1125 quod
393 1039 428 1105 in
452 1060 519 1104 uno
542 1040 653 1106 codice
676 1044 743 1106 Cic.
775 1042 815 1107 de
846 1043 921 1107 Seu.
943 1045 995 1120 22,
1019 1045 1072 1106 81.
1095 1038 1232 1128 legitur,
1264 1041 1317 1106 fa-

280 1135 368 1188 ctum
386 1135 434 1192 est
459 1147 571 1191 errore
593 1125 767 1204 scribendi.
810 1130 853 1193 At
877 1129 1030 1208 dixerunt
1052 1127 1235 1192 animiam
1257 1127 1317 1193 alia

278 1210 419 1277 ratione.
451 1209 517 1275 vid.
537 1233 572 1300 p.
589 1217 661 1279 136.
1053 1274 1055 1286 ,
1239 1256 1241 1261 1
1311 1227 1339 1242 “·

380 1328 436 1382 cie.
452 1330 536 1384 Tusa.
557 1329 592 1395 5,
607 1329 659 1394 38,
676 1329 737 1385 11⁰.
761 1332 815 1386 ium
831 1348 892 1388 uero
916 1337 997 1409 ntotus
1021 1331 1120 1396 animi,
1138 1331 1319 1397 sollicitudines

345 1415 572 1483 aegritudinesque
585 1415 709 1468 oblivione
728 1415 868 1468 leniuntur.
902 1413 936 1464 ue
952 1414 1028 1466 Orat
1042 1414 1076 1477 1,
1092 1413 1125 1480 8,
1139 1413 1165 1467 8.
1185 1414 1238 1466 ium
1258 1431 1319 1468 nero

308 1533 311 1538 -
333 1499 448 1550 »comitto
463 1513 494 1550 ae
505 1499 637 1567 supientia
657 1499 701 1566 qut
720 1513 811 1568 regere
835 1513 866 1548 ue
886 1497 1031 1566 gutemure
1043 1496 1096 1550 rain
1111 1497 1241 1566 publicum
1255 1490 1318 1565 poe-

341 1587 397 1633 aent
409 1582 485 1634 multi
502 1607 535 1620 -
551 1582 709 1637 exstiterunt·
742 1599 769 1649 p.
789 1582 865 1650 Lege
886 1579 960 1634 ulau.
979 1579 1031 1644 ll,
1048 1579 1091 1632 29.
1109 1581 1168 1632 ium*
1179 1597 1240 1632 acra
1259 1579 1317 1631 uir-

342 1663 396 1716 tata·
414 1665 461 1717 Gn.
478 1665 592 1732 Pompeii
603 1683 670 1732 quae
685 1672 764 1734 potest
785 1681 838 1734 pur
858 1663 943 1716 mutto
963 1663 1095 1718 inueniri?
1126 1659 1230 1728 14‚·41.
1254 1661 1318 1717 vide

345 1761 371 1814 p.
388 1744 447 1800 tto.
465 1745 495 1801 in
509 1747 590 1802 cuit
603 1749 630 1814 3,
644 1749 671 1813 9,
683 1747 726 1802 22.
742 1749 777 1802 'du
791 1747 846 1802 off.
862 1745 930 1813 2.,3,
947 1743 989 1798 13.

325 1881 330 1888 -
380 1849 544 1916 Quaeritur,
570 1868 635 1902 num
655 1855 732 1904 recto
755 1851 864 1906 dicutur
883 1857 914 1903 ut
934 1850 1004 1914 tum,
1029 1855 1057 1901 ut
1075 1847 1143 1902 caim
1163 1849 1225 1902 iuer.
1258 1850 1318 1907 Nun

341 1931 446 2003 dubito.
482 1933 537 1987 cte.
553 1935 586 1988 de
601 1935 660 1988 Fiu.
675 1934 701 2002 4,
717 1933 766 2001 15,
784 1935 828 1989 4⁰.
843 1942 872 1988 at
886 1935 954 1986 cuins
968 1933 1022 1986 ium
1035 1933 1121 1986 attacta
1135 1933 1251 1988 uuum
1268 1953 1317 1988 aon

334 2032 417 2084 ‚porse
433 2020 567 2084 comtttui',
578 2007 609 2072 'aa'
622 2038 670 2084 eu,
692 2037 757 2088 quae
783 2027 855 2073 esau
872 2017 1081 2080 virtutensiat,
1101 2018 1136 2070 ud
1149 2018 1223 2070 deute
1236 2017 1321 2069 utma-

345 2091 409 2164 dum,
419 2104 573 2170 pertineant.
606 2105 649 2158 Ita
666 2104 732 2158 boui
748 2103 870 2160 codicem
891 2099 941 2154 alii
955 2119 1035 2153 aum.-
1054 2101 1122 2168 quod
1144 2117 1228 2170 quum
1253 2099 1320 2153 terri

345 2191 521 2252 scuposam,
537 2188 735 2242 substituerunt
756 2185 866 2239 librarii
891 2185 937 2237 uel
960 2202 1063 2250 uerum,
1088 2183 1133 2236 vel
1148 2193 1257 2250 natura,
1277 2183 1319 2236 td·

286 2262 294 2332 j
346 2283 400 2333 que
414 2263 518 2336 placuit
541 2271 643 2324 criticis
663 2269 796 2338 plurimis.
831 2270 1072 2332 Tamannouna,
1098 2285 1167 2336 quae
1182 2267 1255 2322 infre
1275 2267 1317 2320 dt-

347 2357 460 2405 enntur:
481 2355 567 2422 itaque
583 2363 674 2408 contra*
685 2362 723 2408 eat
741 2351 955 2406 cantavensis
969 2359 1148 2421 opponuntur,
1164 2353 1212 2408 sed
1227 2351 1316 2422 proxi-
1391 2415 1399 2424 ⁵
1442 2374 1443 2396 t

345 2448 400 2487 ma.
433 2431 487 2490 Nos
502 2438 639 2492 reddimus
655 2439 713 2491 uber
722 2437 831 2505 sreiticdt
844 2445 907 2506 sugt
921 2437 966 2490 ider
979 2453 1041 2489 auu.

335 2537 342 2625 J
360 2559 393 2618 2.
417 2555 560 2634 Quidam
577 2559 751 2706 scriptores
767 2558 902 2637 eiiam,
926 2556 1044 2643 quodsi
1067 2556 1141 2620 ium
1164 2557 1317 2626 dixerunt

221 2685 223 2689 ,
280 2655 345 2720 pro
363 2639 395 2702 ui
411 2661 509 2724 uero,
535 2642 592 2707 ubi
614 2665 632 2706 a
677 2664 798 2708 novam
816 2651 944 2730 partem
960 2645 1249 2728 argumentationis
1265 2645 1317 2712 vel

279 2723 497 2808 expositionis
513 2728 721 2792 transierunt.
765 2727 823 2792 Est
838 2748 937 2792 evena
950 2749 1031 2791 narn.
1320 2731 1323 2738 ’

380 2843 474 2896 Celsus
488 2845 578 2898 Praei.
594 2848 619 2900 1.
637 2867 664 2916 p.
678 2847 721 2903 10:
736 2849 823 2918 primo
841 2853 926 2900 tumea
941 2846 1054 2899 remedio
1069 2844 1224 2915 explanada
1240 2861 1312 2902 sunt-

341 2943 386 2978 mu
411 2945 475 2980 euru
484 2931 580 2997 fuisse,
607 2949 674 2983 nunc
694 2949 753 2985 uero
774 2934 822 2985 uta
838 2932 972 3000 exploratu
998 2945 1066 2983 csse:
1091 2946 1173 2998 aeque
1190 2930 1246 2982 atta
1268 2939 1316 2986 aut

343 3028 410 3062 noan
426 3029 523 3081 genera
539 3017 678 3069 martorum
692 3016 808 3086 reperiri,
826 3023 873 3068 cut
893 3030 986 3068 nouum
1001 3015 1140 3067 desiderari
1151 3015 1313 3070 audicimus.

346 3097 442 3160 Quodsi
456 3098 510 3150 ium
525 3099 621 3152 incidat
639 3101 703 3153 mati
715 3117 799 3168 genus
816 3100 920 3166 aliquod
932 3100 1068 3168 ignotum,
1084 3115 1137 3151 uon
1156 3097 1215 3152 t'deu
1229 3107 1315 3156 tamea

337 3184 400 3246 sare
411 3183 507 3236 audito
522 3184 553 3237 dc
566 3185 641 3241 sedus
655 3183 823 3254 cogitandum
838 3185 956 3236 obscurio.

303 3387 305 3398 ,
359 3320 389 3380 3.
417 3317 467 3383 De
488 3339 550 3384 usu
566 3317 744 3384 ¹verborum
762 3329 803 3406 ,et
826 3319 898 3384 iam
920 3341 1020 3408 supra
1046 3319 1232 3418 expositum
1264 3327 1313 3383 eet

275 3419 311 3487 p·
330 3402 401 3478 138.
445 3403 555 3469 Critici
580 3405 687 3472 autem
712 3401 830 3478 docent
854 3406 1017 3494 eleganter
1039 3405 1104 3488 dica
1129 3417 1161 3469 et
1184 3405 1255 3470 ium
1277 3404 1312 3468 in

277 3483 480 3572 adiungenda
496 3489 605 3554 aliare
623 3489 724 3555 faeta:
744 3489 779 3554 in
795 3511 861 3575 quo
876 3511 937 3574 usu
953 3490 1103 3578 equidem
1120 3490 1311 3577 elegantiam

275 3569 399 3635 nullam
415 3573 527 3655 video,
549 3575 612 3638 nisi
628 3576 715 3663 quod
726 3586 857 3723 poetae
880 3578 952 3641 iam
975 3596 1069 3662 saepe
1091 3575 1135 3638 ita
1161 3575 1310 3670 interpo-

274 3661 376 3732 nunt,
399 3663 436 3721 'ut
452 3681 522 3723 non
546 3669 613 3724 tam
638 3661 722 3725 abun
749 3683 802 3724 are
823 3661 985 3737 videatur,
1010 3682 1108 3748 quam
1132 3660 1312 3724 narratroui

276 3739 374 3808 addat
392 3743 504 3807 lumen
528 3765 563 3807 ac
587 3748 735 3830 speciem.
778 3745 862 3811 Nam
876 3747 955 3812 illud
971 3747 1109 3825 et'eium,
1132 3744 1223 3830 quod
1236 3741 1311 3808 rand

273 3826 376 3890 seleon
396 3827 447 3893 vel
462 3826 533 3892 tend
548 3826 645 3905 eheu,
667 3830 739 3894 und
756 3851 825 3895 curu
846 3830 1030 3909 reddimus,
1054 3850 1149 3915 saepe
1168 3830 1204 3893 in
1227 3845 1308 3890 con-

273 3909 396 4004 tinuata
420 3913 606 3978 narratione
629 3915 669 3976 ad
697 3915 794 3980 aliam
817 3938 889 3981 rem
912 3915 1082 4004 perducit,
1110 3924 1164 3978 aut
1185 3911 1308 3980 ¹distin-

275 3995 377 4072 ctione
394 4000 630 4061 monstratione
644 4021 715 4062 rem
754 4001 822 4064 uasi
835 4003 870 4066 in
895 4011 1112 4085 conspectum,
1124 4006 1308 4083 promovet,

272 4087 441 4163 tamquam
455 4083 580 4149 dicatur
595 4095 628 4148 et
646 4107 696 4148 eu.
730 4022 822 4149 diaeo
838 4095 886 4152 est
902 4107 1028 4167 caussa,
1052 4105 1177 4171 quapro
1204 4092 1252 4144 ter
1271 4082 1307 4147 in

272 4165 468 4231 carminibus
484 4190 553 4235 non
571 4169 670 4234 modo
696 4169 735 4235 ab
759 4171 853 4236 initio
877 4191 1045 4252 versuum,
1065 4169 1157 4257 quod
1180 4105 1308 4236 itobbi-
