2846 4724
471 335 590 404 rnna.
632 335 832 404 ineman.
1044 287 1049 440 'v
1106 346 1184 411 ,sm

123 516 212 562 ram.
263 489 497 578 intelliguntur
525 489 704 558 seditiones
725 515 744 558 e
767 489 961 562 criminibus
986 501 1097 576 ortae,
1128 505 1184 560 aut

124 603 208 670 quae
223 577 280 646 illa
295 586 572 667 sequutae-erant.
695 627 697 632 .

208 724 262 786 29.
281 717 469 783 Memoratu
494 738 561 782 noa
590 713 765 800 indignum
783 711 913 780 videtur
930 713 965 778 in
992 713 1054 780 hac
1077 718 1183 804 parti·

50 815 51 822 ’
85 861 87 866 .
124 806 197 871 cula
223 805 312 870 brevi
336 802 510 868 intervallo
544 802 683 890 repetita
714 821 784 864 non
820 798 1002 880 offendisse
1033 803 1180 868 Latinob.

123 890 277 976 Intelligo
296 890 384 954 enim
398 911 468 952 non
485 887 597 960 locos,
619 901 706 972 quos
719 886 851 948 Gortius
868 886 907 950 ad
922 886 1042 950 Lucan.
1059 892 1090 966 7,
1105 893 1180 953 230.
1206 893 1212 906 ’

123 975 342 1064 comparavit,
362 974 419 1039 ubi
435 972 516 1038 inde
539 1009 583 1020 -
604 969 703 1047 inde,
726 990 790 1069 pro
806 968 849 1034 ab
864 971 931 1036 dac
945 982 1050 1057 purte
1070 1010 1114 1021 —
1135 974 1179 1038 ab

123 1061 188 1126 illa
199 1071 308 1148 parte
321 1060 476 1147 ponitur,
500 1078 701 1142 sequacos,
727 1078 761 1120 rn
785 1055 903 1141 quibus
927 1056 1011 1122 inde
1030 1093 1074 1106 -
1098 1058 1180 1124 inde

121 1169 186 1235 pro
206 1142 332 1210 deinde
350 1181 389 1194 -
409 1143 488 1207 dein
506 1142 630 1206 dictum
648 1153 714 1216 est,
732 1141 794 1206 sed
815 1141 917 1223 alios,
939 1143 972 1207 in
990 1142 1107 1228 quibus
1123 1166 1179 1208 re-

166 1235 241 1296 titio
267 1229 294 1293 si
318 1228 556 1316 displicuisset,
594 1226 690 1292 facile
722 1228 886 1313 potuisset
919 1229 1042 1294 evitari.
1094 1229 1178 1295 Vide
1218 1281 1220 1288 .

150 1317 193 1382 iv.
211 1322 243 1399 3,
261 1316 314 1392 41,
331 1318 362 1379 6.
386 1319 417 1396 3,
435 1318 487 1389 36,
506 1320 534 1377 1.
558 1313 612 1392 25,
628 1317 682 1393 36,
698 1317 729 1376 7.
753 1311 1022 1399 ubi·Gronqvius
1040 1323 1072 1378 et
1095 1316 1179 1380 Gre-

121 1403 230 1468 verius
250 1401 391 1464 alterum
406 1398 501 1464 obiici
516 1401 689 1464 iusserunt.
1008 1419 1012 1432 ·

207 1519 246 1602 1)
283 1516 372 1583 Inde
409 1527 443 1582 et
477 1513 569 1580 unde
612 1524 864 1578 commutarunt
902 1515 1029 1582 librarii
1066 1501 1176 1608 saepe.

121 1603 340 1692 Oudendorp.
363 1602 403 1668 ad
428 1601 565 1665 Sueton.
589 1602 691 1686 Calig.
712 1605 762 1664 10.
792 1600 958 1667 Drakenb.
974 1603 1015 1666 ad
1035 1605 1106 1669 Liv.
1121 1612 1176 1686 39,

120 1697 182 1770 33,
201 1691 233 1755 5.
280 1689 415 1776 Saepius
440 1685 521 1752 inde
544 1696 577 1766 et
603 1685 740 1752 deinde.
780 1685 953 1751 Drakenb.
981 1689 1022 1752 ad
1048 1690 1116 1756 Liv.
1140 1695 1174 1763 8.
1228 1711 1234 1722 “

122 1781 182 1851 13,
201 1777 252 1841 15.
273 1779 334 1854 36,
349 1775 410 1850 24,
428 1778 478 1836 10.
509 1772 570 1854 42,
586 1773 645 1847 66,
663 1777 695 1836 6.
727 1777 764 1850 1,
780 1775 821 1852 2,
838 1777 868 1836 6.
892 1773 1110 1863 Oudendorp.
1135 1779 1176 1841 ad

120 1862 261 1926 Sueton.
286 1861 365 1924 Ner.
384 1863 434 1922 13.
457 1867 490 1922 et
515 1856 591 1921 vide
612 1857 646 1921 h.
666 1880 694 1921 e.
717 1855 807 1920 uide.
840 1853 944 1922 Beier.
967 1858 1005 1922 ad
1024 1859 1090 1924 Cic.
1108 1861 1176 1927 Off.

118 1947 163 2012 T.
188 1952 217 2010 2.
241 1969 274 2033 p.
299 1947 374 2010 242.
411 1955 443 2007 et
470 1942 553 2004 aim.
583 1942 752 2006 Drakenb.
777 1941 819 2004 ad
840 1943 910 2008 Liv.
934 1947 972 2024 5,
994 1949 1055 2020 20,
1079 1953 1111 2011 2.
1143 1957 1175 2012 et

118 2031 214 2108 idem
230 2032 270 2094 ad
291 2037 320 2112 1,
339 2035 394 2104 20,
410 2033 442 2092 7.
464 2027 503 2091 ad
519 2031 572 2101 31,
589 2031 642 2101 38,
659 2031 691 2092 9.
715 2036 748 2090 et
764 2025 808 2089 ob
826 2026 1061 2112 compendium
1075 2053 1175 2118 prae-

118 2118 244 2206 positio
262 2117 312 2180 in.
355 2114 447 2179 ldem
465 2113 505 2177 ad
523 2114 575 2191 26,
591 2118 643 2193 22,
660 2117 690 2178 6.
708 2123 741 2189 et
758 2115 808 2191 10,
821 2111 873 2184 20,
893 2117 923 2176 6.
946 2114 1116 2204 Spalding.
1133 2117 1175 2182 ad

119 2202 262 2284 Quintil.
279 2201 396 2266 Pron.
425 2200 680 2265 commutantur
697 2199 896 2283 compendia
910 2200 955 2268 16,
975 2199 1021 2277 tri,
1036 2202 1082 2265 in.
1106 2202 1171 2268 vid.

79 2349 84 2361 ,
117 2287 290 2356 Drakenb.
312 2286 353 2350 ad
369 2291 408 2365 2,
423 2290 484 2357 21,
504 2290 535 2348 1:
561 2283 600 2347 ad
619 2285 655 2358 5,
676 2287 734 2362 18,
754 2285 794 2364 8.
830 2282 969 2348 Librarii
990 2287 1171 2355 nectendae

119 2373 282 2450 orationis
306 2392 418 2436 caussa
444 2369 563 2435 addere
584 2369 733 2434 solebant
755 2368 963 2455 particulam.
988 2370 1062 2448 aid.
1085 2373 1173 2437 Dra·

117 2459 219 2525 kenb.
237 2457 277 2522 ad
295 2458 371 2522 niv.
382 2461 442 2535 39,
458 2459 517 2527 49,
540 2461 591 2521 12.
635 2454 723 2519 Inde
745 2463 860 2516 natum
883 2455 935 2519 vel
950 2457 1173 2544 interceptum

119 2545 161 2610 ab
180 2542 442 2608 antecedentem
463 2550 558 2605 notat
580 2540 667 2617 idem
682 2538 853 2606 Drakenb.
874 2539 915 2608 ad
938 2544 979 2622 4,
995 2546 1035 2606 21
1046 2591 1057 2625 ,
1077 2551 1107 2608 1.
1120 2545 1173 2610 -ad

118 2635 174 2713 30,
191 2635 245 2713 27,
259 2633 291 2695 9.
313 2627 355 2693 ad
374 2632 425 2710 10,
440 2632 494 2709 20,
510 2630 541 2691 6.

425 2813 819 2936 1111316611.

207 3024 238 3085 1.
268 3015 458 3083 Iudaeum
483 3013 562 3080 dem
585 2989 798 3092 coniunctum
823 3011 867 3088 fir,
883 3031 1056 3094 Iumnnu,
1078 3018 1170 3104 qnod
1230 3020 1235 3030 ’

120 3103 285 3256 sipnificat
317 3101 437 3168 eodeni
462 3123 502 3166 ex
533 3099 617 3164 loco.
669 3095 720 3162 cf.
745 3099 899 3164 Priscian.
931 3102 982 3164 16.
1013 3123 1048 3189 p.
1075 3102 1174 3171 1013.

121 3193 152 3256 G

167 3212 259 3255 ossae
275 3189 432 3255 ἐντεῦθεν.
472 3186 576 3272 Siepe
592 3179 723 3250 additur
738 3205 865 3248 nomen
880 3185 980 3270 ipsius
995 3186 1072 3252 loc‘i.
1088 3183 1169 3255 ‘via

119 3275 292 3342 Drakenb.
311 3275 351 3339 66
368 3269 439 3338 [11.
455 3274 516 3352 25,
534 3271 589 3349 15,
604 3274 636 3334 7.
680 3269 765 3334 Sunt
789 3291 867 3335 vero
891 3271 1089 3358 scriptores,
1113 3275 1171 3374 qui
1302 3291 1303 3298 ’

118 3383 182 3426 usu
206 3360 304 3425 huius
321 3358 470 3424 vocabuli
490 3355 629 3421 omnino
652 3355 845 3425 abstinuisse
869 3355 1036 3434 videatur:
1058 3360 1170 3426 L'ivrue
1268 3427 1272 3434 ,

120 3469 199 3514 eum
215 3447 417 3512 creberrime
431 3441 592 3510 adhibuit.
912 3439 916 3448 “

223 3573 282 3628 Cic.
299 3591 325 3642 p.
337 3575 420 3628 Rosc.
436 3572 498 3628 Am.
512 3567 556 3633 21,
573 3565 616 3619 m.
644 3581 707 3634 qum
729 3565 1028 3623 lammeri-indidemne
1049 3569 1167 3635 Ameria,

187 3677 225 3713 cn
240 3659 315 3714 boses
328 3651 578 3713 morbcaiccriasi
609 3649 671 3704 niv.
685 3647 729 3714 27,
745 3650 788 3715 12,
802 3649 829 3702 5.
853 3652 940 3706 additi
958 3659 1031 3708 cram
1050 3654 1169 3706 Bruttio·
1237 3715 1241 3728 ⁸

185 3760 246 3796 rum
260 3744 375 3797 indidem
387 3744 527 3812 perfugae.
544 3738 566 3800 1,.
582 3755 606 3790 e.
626 3753 660 3790 ex
677 3734 774 3788 eedem
789 3733 894 3790 Sicilia.
928 3733 979 3800 23,
996 3736 1028 3801 1,
1042 3733 1069 3788 6.
1094 3738 1169 3790 dcci·

165 3828 234 3880 baa
253 3828 369 3881 indidem
390 3844 420 3886 ea
436 3823 583 3890 ¹Celtiberia
604 3821 762 3889 transfugis·
797 3819 840 3890 39,
855 3819 938 3886 12,1.
955 3827 1169 3889 accrumrogct,
1265 3857 1267 3862 -

188 3919 218 3966 at
235 3913 393 3982 Hispalam,
418 3911 532 3964 indidem
553 3925 584 3962 m
602 3905 729 3960 Auentino
748 3903 893 3959 libertinam
917 3931 952 3943 -
978 3911 1113 3958 arcesseret
1133 3907 1170 3958 cd

189 4013 252 4050 aesc.
287 3996 331 4064 23,
345 3995 447 4064 46,12.
462 3996 522 4050 cisia
536 3993 651 4046 indidem
667 3997 738 4057 erat,
756 3991 831 4060 longe
850 3987 965 4042 omnium
980 3989 1170 4059 Campanorum
1201 3991 1203 3999 ⁴
1224 3995 1225 4000 ’
1295 4057 1296 4060 ¹
1323 4003 1324 4008 ’

185 4081 348 4151 sanissimos
375 4100 458 4154 eques.
499 4077 606 4156 Coraci.
627 4069 725 4145 epam.
746 4071 780 4139 6,
801 4073 827 4127 2.
853 4073 964 4127 Taurus
990 4072 1171 4150 philosophus

190 4164 263 4235 aput
278 4159 354 4220 usu
365 4165 392 4234 o,
406 4166 448 4222 10.
465 4167 585 4224 Euclides
601 4164 646 4238 oui
659 4159 910 4308 Mmffim
926 4164 992 4216 erar.
1063 4235 1065 4250 .
