2902 4718
620 335 707 406 tatu
1119 351 1180 414 111
1269 340 1272 349 “

140 498 287 565 sonantis
303 515 423 564 sanum
438 492 594 562 transiret
613 501 645 561 et
659 493 693 560 in
711 491 905 582 quibusdam
921 493 1088 566 vocabulis
1105 521 1181 568 am·

139 584 278 672 biguum
299 603 395 649 usum
417 583 563 648 haberet.
606 578 705 648 Gonl.
729 579 921 646 Schneidsri
944 581 1124 652 Grammat.
1148 593 1180 653 1.

140 692 176 768 p.
192 671 266 735 285.
307 670 416 751 Quare
430 666 721 757 praetermittenda
738 666 799 732 erit
815 665 930 753 opinio
943 666 1098 746 Palmeri,
1122 673 1180 760 qui

138 777 173 819 m
197 754 351 843 spicileg.
383 778 418 842 p.
442 758 516 818 747.
545 753 676 820 Gruter.
697 773 758 827 ne,
791 761 828 816 ut
849 750 915 830 ait,
944 751 1052 820 invitis
1074 755 1180 824 Musis

138 840 213 905 iam
226 841 260 905 in
278 840 358 906 duas
374 838 517 928 syllabas
535 837 779 917 distraheretur,
800 834 1010 902 scribendum
1027 859 1096 906 esse
1109 843 1181 908 exi-

137 925 294 990 stimabat
307 926 420 1005 icme,
444 922 723 1009 quemadmodum
740 933 864 988 veteres
885 919 1046 987 dixissent
1069 947 1181 994 name.

138 1010 274 1096 Syllaba
302 1031 380 1087 am,
409 1025 509 1094 quarn
534 1006 777 1072 Lindemannus
802 1006 842 1071 de
862 1005 1026 1072 Aduerbio
1043 1013 1075 1073 8.
1095 1032 1131 1097 p.
1147 1015 1181 1078 7.

135 1093 347 1160 indefinitum
362 1092 552 1157 adverbium
568 1091 728 1180 appellat,
750 1091 819 1156 aliis
841 1091 1062 1158 videturesse
1084 1114 1182 1158 accu-

134 1181 278 1254 sativus,
301 1178 395 1241 sicuti
422 1175 526 1240 multa
550 1176 701 1242 adverbia
720 1177 753 1239 in
778 1174 961 1242 formandis
989 1178 1182 1246 nominibus

136 1261 289 1327 adhibita
312 1263 385 1326 sint.
423 1259 460 1325 ld
483 1262 612 1346 negavit
627 1260 811 1326 Sabmidius
827 1262 861 1324 in
889 1261 975 1328 libro
998 1263 1183 1330 deProno·

132 1348 231 1414 mine
280 1387 294 1411 .·
307 1351 358 1412 89.
374 1357 405 1410 et
422 1350 491 1428 96„
519 1345 575 1410 ubi
595 1347 763 1412 contendit
784 1345 934 1412 feminini
959 1351 1087 1433 generis
1106 1349 1184 1415 for·

133 1454 210 1498 mas
228 1369 461 1495 adiectivorum
479 1440 535 1494 aut
556 1452 651 1509 rara,
673 1443 728 1495 aut
747 1450 930 1519 numquam
951 1433 1096 1500 induisse
1118 1436 1182 1501 ad·

133 1516 330 1583 verbiorum
346 1526 515 1604 ,naturama
539 1536 639 1602 quare
655 1516 724 1602 ipse
748 1515 790 1580 ad
813 1538 885 1582 eam
912 1519 1105 1606 opinionem
1124 1543 1181 1587 re-

135 1601 242 1690 fugit,
265 1602 350 1666 utin
368 1601 456 1676 iam,
478 1611 552 1676 tam
565 1611 598 1664 et
615 1621 697 1687 quae
711 1611 788 1666 sunt
803 1603 931 1683 similia,
953 1603 1078 1670 dativus
1097 1627 1181 1693 pro·

136 1687 314 1753 nominum
329 1685 494 1750 obsoletos
511 1688 646 1773 agnosci
661 1687 780 1751 debere
804 1687 906 1754 dicat:
929 1689 965 1754 in
988 1690 1181 1758 Gothorum

137 1773 227 1836 enim
252 1771 362 1859 lingua
391 1780 422 1836 et
443 1772 480 1836 in
510 1771 658 1836 lithuana
685 1772 829 1837 dativum
851 1774 996 1861 exprimi
1019 1778 1187 1843 termina·-

136 1858 229 1923 tione
244 1879 360 1921 ammo
381 1866 413 1920 et
433 1878 509 1936 cm,
531 1856 745 1942 eamdemque
769 1856 916 1935 formam
938 1861 1036 1925 etiam
1058 1861 1179 1930 latinae

137 1942 270 2027 linguae
283 1943 455 2031 propriam
472 1941 553 2004 clim
567 1940 685 2018 fuisse,
705 1941 810 2006 sedin
831 1943 943 2026 paucis
963 1955 1092 2011 tautum
1118 1946 1180 2011 ad-

136 2029 255 2093 verbiis
271 2036 430 2092 servatam
448 2045 529 2089 esse.
571 2026 687 2110 Neque
703 2026 796 2090 aliter
810 2027 1005 2094 Wiillnerus
1032 2031 1072 2096 de
1087 2032 1181 2098 Casi-

139 2113 200 2177 bus
218 2136 254 2200 p.
268 2112 341 2178 211.
383 2114 477 2175 Atat
498 2131 557 2175 am
572 2109 714 2175 dativum
731 2110 869 2175 latinum
884 2110 966 2176 olim
987 2110 1088 2179 fuisse
1105 2137 1182 2180 cen-

140 2219 287 2278 seamus,
318 2195 472 2295 profecto
497 2216 667 2260 necessum
689 2197 769 2278 erit,
810 2206 846 2258 ut
876 2195 1023 2286 analogia
1051 2202 1087 2264 in
1111 2201 1181 2286 ipsa

135 2284 251 2370 lingua
273 2283 374 2346 latina
399 2303 468 2380 non
490 2301 629 2380 prorsus
651 2280 868 2346 desideretur:
891 2282 1036 2382 alioquin
1058 2284 1182 2352 frustra

24 2365 26 2394 '
140 2389 333 2456 quaeremus
347 2368 477 2455 vestigia
491 2389 525 2431 an
542 2366 661 2465 linguis
680 2367 803 2431 alienis.
847 2360 1181 2452 Formataanes‘enina
1220 2373 1222 2384 '

140 2455 261 2519 similes
286 2463 317 2517 et
341 2453 489 2537 aequales
511 2471 607 2538 saepe
629 2473 665 2516 au
686 2452 798 2516 multis
819 2452 938 2538 linguis
959 2457 1180 2543 reperiuntur,

140 2561 220 2627 quae
237 2539 299 2603 nisi
320 2537 504 2624 analogiam
518 2536 697 2624 legitimam
720 2535 858 2616 habent,
885 2539 1041 2625 singulari
1063 2563 1182 2605 exem-

139 2627 197 2724 plo
215 2645 285 2688 non
324 2624 422 2687 oterit
438 2642 563 2685 novum
587 2643 687 2709 genus
714 2623 878 2689 constitui.
920 2621 1027 2690 Dativi
1052 2625 1179 2694 formae

140 2709 228 2775 illius
245 2646 334 2772 nulla
354 2707 473 2771 indicia
498 2717 657 2794 apparent
681 2708 716 2771 in
731 2707 830 2772 latina
852 2708 983 2796 lingua,
1001 2720 1035 2776 et
1054 2712 1082 2777 si
1106 2714 1180 2798 quis

141 2817 217 2860 eum
233 2792 384 2857 Scheidio
401 2791 489 2857 dicat
502 2803 576 2856 tam
595 2813 665 2856 esse
687 2791 889 2858 decurtatum
913 2806 1030 2877 tama,
1052 2820 1092 2862 eo
1110 2820 1181 2864 non

141 2878 395 2955 demonstrabit,
414 2877 533 2942 latinae
547 2877 676 2964 linguae
690 2900 759 2943 esse
773 2878 918 2944 dativum
942 2881 977 2946 in
1000 2903 1083 2946 amc
1106 2881 1181 2948 for·

140 2963 310 3031 mendum.
361 2964 433 3048 Ego
452 2961 586 3048 quidem
609 2964 653 3027 ita
676 2962 716 3028 de
739 2963 800 3032 hac
828 2983 864 3026 re
894 2967 1011 3031 sentio.
1052 2967 1181 3033 Adver-

141 3051 212 3130 bia,
235 3068 444 3135 quaererum
466 3043 691 3113 conditionem
718 3059 751 3114 et
776 3047 964 3134 qualitatem
987 3051 1180 3136 significant,

141 3133 415 3223 ipsaformantur
437 3153 497 3196 suo
526 3133 648 3218 modo,
671 3133 726 3196 sed
751 3155 847 3220 saepe
871 3133 908 3197 in
932 3137 1180 3222 similitudinem

140 3222 327 3288 nominum.
376 3219 486 3297 Quare
512 3219 759 3282 terminationes
786 3241 862 3294 um,
891 3241 966 3296 am,
998 3221 1046 3285 im
1076 3245 1180 3309 quum

140 3306 339 3371 accusativos
372 3324 441 3367 esse
473 3303 606 3380 dixero,
647 3303 843 3369 adverbiales
870 3306 1115 3372 terminationes
1143 3309 1180 3373 in

140 3393 281 3457 modum
302 3387 472 3452 accusativi
495 3387 655 3453 formatas
687 3389 894 3454 intellexero.
944 3391 999 3456 Sic
1026 3392 1180 3458 dicuntur

166 3476 278 3556 alam,
301 3473 410 3552 clam,
435 3493 639 3559 perperam,
661 3483 752 3552 tum,
774 3496 895 3561 qinom,
918 3499 1019 3553 num,
1044 3479 1078 3542 in
1103 3478 1182 3562 qui·v

134 3499 202 3626 bus
218 3558 371 3624 omnibus
394 3568 484 3622 recte
510 3559 681 3622 statuimus
702 3580 761 3622 cm
779 3581 848 3622 esse
871 3559 1087 3628 adverbialem
1109 3573 1180 3626 ter·

24 3707 25 3714 ,
141 3646 358 3713 minationem
374 3643 409 3707 in
425 3643 563 3707 modum
582 3644 752 3709 accusativi
765 3641 896 3711 factam.

224 3785 488 3862 Fundamentum
516 3795 758 3884 significationis
782 3817 974 3884 quaeramus
994 3796 1030 3862 in
1053 3793 1179 3884 syllaba
1271 3869 1275 3878 ,

139 3881 175 3965 i,
203 3903 289 3970 quae
316 3883 431 3947 eadem
457 3893 594 4030 apparet
614 3883 648 3946 in
671 3883 718 3961 is,
747 3883 857 3965 idem,
884 3881 949 3964 idi,
978 3879 1041 3944 ita.
1092 3877 1179 3946 Haec

143 3969 255 4032 amnia
269 3966 392 4032 habent
410 3966 476 4030 vim
517 3965 710 4044 efiuitivarn,
732 3990 814 4054 quae
837 3970 872 4032 in
894 3987 929 4032 se
950 3967 1066 4052 recipit
1090 3967 1179 4030 rela-

141 4055 246 4120 tivam
274 4075 347 4118 eam
368 4051 549 4128 rationem,
581 4074 645 4139 qua
667 4053 789 4138 aliquid
818 4052 859 4136 ad
888 4051 1110 4138 praedicatum
1133 4052 1180 4116 ita

142 4136 307 4222 refertur,
331 4147 369 4210 ut
383 4135 482 4212 verba
493 4138 527 4202 ia
541 4170 584 4190 --
597 4137 671 4226 qai,
691 4137 740 4204 idi
754 4171 796 4192 ι-
811 4135 870 4204 udi
892 4143 1001 4203 totann
1022 4134 1178 4204 iudicium
