2810 4726
346 309 360 342 ²
465 353 627 422 tvx'n..
656 352 797 459 ucn'r.
963 351 967 357 “
1034 353 1168 450 Ι111-

175 527 227 568 m
246 511 417 576 wtrecensu-0
433 509 547 565 suam
580 507 625 563 vs.
645 500 795 563 smne
816 512 847 562 a
866 491 1036 577 aarum
1069 508 1145 575 rpu-

175 598 223 652 rot
237 595 342 648 ttetu
359 611 386 662 p.
399 590 523 658 121131.
543 594 634 646 &aas
655 609 682 647 se
696 601 725 647 ut
747 595 889 658 msidnet,
912 593 1007 662 effecit.
1040 593 1144 660 Florid.

174 697 203 753 p.
217 679 280 744 cut,
296 678 338 732 u.
357 679 403 731 ute·
415 679 508 732 tentia
521 677 642 732 11111111.

191 824 223 882 2.
250 815 430 902 Scriptores
455 823 529 900 post
552 811 796 882 Domitianum,
818 821 855 874 ut
881 803 1145 880 coniunctionem

109 903 222 968 rerum
249 899 486 988 significarent,
513 899 666 962 dixerunt
690 896 849 970 iunctim,
871 898 960 983 quod
984 905 1043 964 etsi
1065 925 1082 964 a
1105 901 1146 964 11-

110 987 227 1053 brariis
250 986 597 1064 ferecommutsretur
622 1005 697 1046 cum
718 983 839 1045 iuxtim
862 981 952 1062 (vide
966 983 1078 1048 Brant.
1104 984 1145 1050 ad

110 1073 238 1160 Apulei.
255 1071 334 1136 Met.
352 1076 381 1134 2.
401 1093 432 1155 p,
449 1075 520 1132 169.
537 1068 725 1146 Oudend.)‚
747 1079 857 1130 tamen
875 1078 906 1130 et
922 1069 1146 1132 118111111σηί-

110 1155 261 1223 ficsticus
279 1153 546 1242 distinguebatur.
587 1153 684 1217 Recte
706 1153 794 1216 enirn
817 1153 934 1242 legitur
955 1154 1042 1238 apud
1067 1123 1148 1220 §ue-
1176 1237 1179 1242 Ι

110 1254 181 1306 ton.
207 1241 318 1306 Tiber.
341 1244 372 1303 9.
402 1240 630 1324 magistratus
654 1249 687 1302 et
713 1239 881 1302 maturius
914 1239 1085 1304 inchoavit
1115 1239 1175 1302 et'

107 1350 195 1414 perte
206 1327 347 1392 iunctim
355 1325 578 1409 percucurrit,
597 1333 825 1410 quaesturam,
865 1336 1051 1403 rueturam,
1067 1347 1150 1388 cors-

113 1413 272 1492 sulatum.
305 1411 351 1473 ⁴ln
379 1407 493 1472 Claud.
515 1407 668 1478 Maraeu.
686 1411 802 1494 Paneg.
818 1345 954 1472 bdbxim.
974 1418 1025 1485 11,
1041 1416 1071 1474 d.
1094 1429 1150 1476 re-

112 1499 200 1560 stitui
220 1495 332 1558 debet:
356 1514 458 1580 quam
472 1493 580 1556 iuncti
594 1493 734 1558 sedent!
746 1539 749 1550 .
774 1492 869 1580 Apud
895 1494 1035 1558 Gellium
1055 1502 1102 1570 12,
1119 1499 1150 1559 8.

112 1603 181 1647 nou
196 1579 309 1660 dubito
328 1579 408 1665 quin
424 1579 633 1642 scribendum
650 1577 703 1642 fit:
720 1577 876 1668 sorsfuit
891 1591 928 1643 ut
945 1579 1042 1666 apud
1056 1603 1151 1645 eam-

112 1667 189 1731 dem
203 1687 357 1730 suessam
378 1661 445 1725 duo
469 1656 525 1726 ilii
545 1663 666 1728 iuxtim
688 1663 891 1726 locarentur.
935 1667 1060 1753 Apulei.
1078 1665 1151 1730 Me-

114 1764 193 1815 tam.
212 1758 242 1814 2.
269 1773 302 1836 p.
320 1753 392 1822 128,
407 1749 459 1812 40.
489 1747 631 1836 duraque
653 1749 726 1813 ium
747 1747 889 1811 iunctim
905 1752 1151 1834 proximamus.

115 1836 274 1902 Revocari
296 1833 434 1898 debebat
451 1835 601 1896 codicum
618 1835 777 1920 scriptura
792 1833 925 1898 iuxtirrr.

195 1973 231 2063 ,1)
263 1971 560 2037 Commutubantur
591 1969 689 2034 uerba
719 1972 835 2050 iuxta,
871 1971 984 2047 iacto,
1023 1973 1152 2054 iuncta,

116 2061 240 2125 arrxtim
257 2069 288 2123 et
304 2057 397 2120 uicti.
439 2056 524 2119 tas
553 2057 628 2120 ulei.
650 2057 730 2120 Met.
746 2062 778 2120 2.
799 2078 834 2142 p.
855 2063 924 2138 121,
938 2064 989 2122 81.
1011 2065 1062 2146 (p.
1081 2064 1153 2124 126.

119 2145 219 2230 Oud.)
236 2141 473 2208 restituendum
486 2079 618 2226 uitiatur
640 2141 736 2206 iuxta
749 2141 936 2226 proximat.
976 2142 1026 2208 De
1048 2143 1154 2208 verbis

119 2231 218 2295 iuxta
237 2239 270 2296 et
284 2229 377 2296 iusta
393 2228 602 2292 commutatis
615 2226 783 2293 Drakenb.
800 2227 839 2291 ud
857 2227 926 2292 tis.
940 2230 972 2306 6,
987 2231 1017 2308 6,
1037 2233 1086 2294 18.
1144 2265 1148 2276 ·

513 2425 760 2514 LICET.

134 2611 138 2618 ·
203 2595 350 2660 Verbum
364 2611 485 2669 ntcnr,
507 2594 598 2680 quod
615 2593 772 2682 significat
787 2595 981 2661 conceditur
995 2597 1061 2663 sive
1077 2620 1158 2663 cors·

120 2703 250 2746 cessum
272 2691 339 2762 est,
370 2681 449 2746 hacc
480 2679 594 2745 babuit
615 2679 692 2745 fata.
742 2682 977 2768 Antiquissima
1004 2693 1156 2770 tempore

123 2767 269 2843 verbum,
286 2766 377 2852 quod
394 2775 472 2840 erat,
490 2765 830 2852 coniungebaturcum
843 2766 1003 2844 infinitivo
1014 2781 1068 2832 sut
1081 2791 1157 2834 oum

124 2851 351 2931 coniunctivo,
374 2849 523 2936 praefixo
549 2861 596 2914 ut.
641 2851 705 2916 Sed
725 2861 854 2940 poterat
869 2851 949 2916 baec
968 2855 1156 2920 coniunctio

125 2937 233 3001 omitti
250 2945 347 3021 atque
363 2939 458 3001 dicia
475 2937 633 3016 Cicerone
658 2936 695 2998 ad
718 2941 784 3002 Au.
801 2943 829 3017 1,
852 2941 901 3000 16.
919 2961 960 3001 ex
999 2961 1045 3002 uo
1069 2941 1157 3026 (ora·
1230 2985 1234 2993 -
1255 2965 1258 2974 ’

123 3023 229 3102 tione)
252 3021 330 3085 licet
347 3043 466 3106 pauco
490 3019 656 3106 degustes.
699 3023 729 3095 5,
755 3031 782 3086 1.
812 3022 863 3086 cel
883 3022 950 3106 ipsi
973 2963 1034 3089 doc
1060 3027 1158 3090 dicus

122 3109 221 3187 iicet,
245 3106 498 3171 humanitatem
525 3105 557 3170 ei
579 3104 800 3170 meoiudicio
823 3107 882 3170 illo
913 3106 970 3172 die
1000 3106 1159 3198 defuisse.

124 3194 215 3258 Tum
237 3193 365 3256 veroin
387 3190 572 3271 sententiis,
595 3209 678 3276 quac
701 3192 908 3256 coniunctius
932 3195 1160 3281 exprimebant

127 3277 249 3364 aliquid
271 3276 344 3341 fie'ri
359 3299 473 3364 posse,
497 3275 665 3362 interponi
685 3277 795 3362 coepit
818 3275 914 3356 licet,
938 3288 974 3342 ut
996 3280 1160 3365 significa·

125 3373 217 3428 retur·
230 3362 282 3442 id,
307 3363 397 3447 quod
412 3361 522 3438 fieret,
544 3359 614 3425 fieri
641 3364 954 3428 cum-concessione.
997 3365 1049 3429 Sic
1073 3366 1159 3453 apud

126 3448 302 3512 Horatium
327 3447 432 3534 Epist.
456 3456 482 3528 t,
500 3451 549 3510 16.
580 3445 675 3510 verba
696 3445 816 3518 tollas,'
848 3447 924 3513 licet
954 3452 1161 3536 possuntitu
1246 3499 1249 3506 >
1349 3425 1352 3432 ‚

127 3535 252 3618 accipi,
271 3543 306 3596 ut
324 3535 547 3596 coniunctivae
563 3551 631 3595 non
646 3531 802 3612 exserto
816 3532 895 3598 licet
910 3535 1057 3620 pendeat.
1102 3537 1161 3598 vi·
1181 3555 1184 3564 ·

130 3618 172 3682 de
201 3615 403 3683 Schmidium
431 3618 470 3681 ad
494 3615 526 3680 b.
547 3616 570 3679 l.
614 3617 681 3680 Cic.
704 3617 744 3680 ad
768 3617 856 3682 Fam.
877 3624 926 3690 16,
943 3623 995 3698 tt,
1011 3625 1042 3684 4.
1053 3617 1161 3707 firmo

128 3703 168 3768 id
184 3704 413 3791 corratarrtique
429 3696 688 3789 animofacios,
710 3701 799 3766 licet.
844 3703 895 3768 Cf.
909 3704 1015 3768 Kritz.
1032 3704 1071 3770 ad
1090 3705 1162 3769 Sal-

129 3789 206 3854 lust.
224 3791 292 3854 Cat.
308 3792 359 3868 55,
378 3795 409 3853 2.
455 3794 558 3874 Atque
571 3786 635 3851 hoc
652 3787 751 3850 modo
766 3787 921 3852 inseritur
936 3787 1017 3852 adeo
1035 3791 1070 3853 in
1085 3813 1162 3853 sen-

130 3875 248 3938 tentias
266 3875 483 3956 concessivae,
507 3895 588 3959 quae
603 3895 662 3960 per
680 3873 851 3956 particulas
868 3874 1029 3960 quamuis,
1053 3899 1162 3962 qrsau·

132 3960 270 4040 tumuis,
293 3960 315 4022 i.
333 3981 361 4024 e.
382 3953 483 4044 arram
500 3960 567 4034 uis,
584 3969 746 4045 quautam
764 3959 830 4039 uis,
849 3958 1100 4025 constituuntur.
1125 4025 1128 4032 ,

235 4078 294 4131 cie.
309 4079 343 4129 de
359 4079 425 4147 laeg-
439 4078 466 4143 8,
482 4077 525 4144 111,
542 4077 584 4132 21.
602 4084 628 4132 et
641 4085 746 4148 praeter
760 4096 801 4131 eos
822 4078 938 4148 quamuis
952 4097 1083 4134 enumeres
1097 4083 1165 4134 mut-

198 4170 237 4216 tos
249 4165 324 4226 treet,
342 4165 489 4232 9111111111οηί
504 4170 635 4229 urentur,
652 4165 790 4218 marullus
811 4163 840 4218 iu
860 4163 930 4218 omui
952 4165 1079 4223 mmoriu'
1092 4183 1165 4237 repe·
