2846 4724
224 368 290 434 370
361 343 365 350 ’
557 355 561 364 ’
697 351 813 420 lb‘llli.
896 399 898 402 -

276 534 279 538 ·
327 504 579 575 mv.2t‚1e‚1u
602 507 709 562 Atisim
729 515 818 562 tumeo
838 523 897 560 mm
918 505 1011 576 paucis
1026 513 1152 577 receptus.
1184 507 1283 560 Scditlo

260 603 263 610 '
297 600 356 652 iude
378 595 526 666 paullisper
542 594 631 646 tenuit.
665 591 796 656 1,32,1.
815 593 903 644 Aecus
924 591 1042 644 Murciur
1058 619 1094 634 —
1115 593 1194 660 longe
1212 589 1284 646 oreti-

296 671 446 751 quisiimum
460 686 553 742 retus,
569 694 647 732 socru
658 678 781 748 publiea,
799 684 830 729 set
843 678 875 728 ob
890 677 979 729 Numa
990 677 1115 730 instituto
1128 683 1222 740 erem,
1235 681 1285 744 so-

296 783 366 820 cere:
382 763 473 818 omnio
488 779 564 814 eece
581 764 769 814 commentariis
782 763 854 832 regie
871 763 1031 832 pontificem,
1048 762 1076 813 iss
1088 763 1177 814 album
1191 762 1285 834 relotu,

295 866 439 922 proponere
455 848 483 898 in
492 845 597 915 publico
609 846 694 900 iubet:
711 848 772 901 inde
787 854 812 901 et
830 840 927 899 civibus
948 847 995 898 otii
1013 845 1113 916 cupidis
1126 853 1152 897 et
1160 847 1287 912 finitimis

296 933 444 988 civitatibus
458 933 537 998 foeta
560 947 636 999 spes,
659 930 689 982 ire
712 932 757 984 eoi
779 947 862 984 meres
882 931 1106 998 atque‘imtr'tsto
1119 947 1211 1000 regem
1231 932 1288 982 obi-

298 1027 398 1076 turum.
462 1026 464 1034 '
549 1028 552 1033 '

314 1157 368 1218 26.
392 1152 581 1216 Gronovius
600 1149 641 1214 ud
662 1150 734 1214 Liv.
751 1151 804 1222 2⁵,
824 1149 944 1228 15,16.
969 1147 1067 1212 docet
1081 1148 1164 1214 incle
1183 1150 1289 1236 signi·

226 1241 330 1307 'ficare
346 1260 435 1302 nusae
452 1235 605 1317 tandem,
631 1245 664 1300 et
680 1237 714 1299 in
733 1233 900 1309 Distribe,
924 1244 960 1296 ut
983 1235 1086 1297 modo
1103 1235 1191 1315 dixi,
1217 1259 1288 1300 esse

233 1349 324 1394 usone
342 1324 430 1388 vero.
476 1321 540 1386 Sed
558 1323 593 1386 in
608 1321 703 1400 locis,
729 1321 785 1406 qui
801 1319 840 1382 ub
859 1321 933 1405 ipso
951 1319 1157 1398 efferuntur,
1180 1322 1291 1408 porti-

235 1413 307 1478 culo
333 1406 495 1496 significet
519 1430 582 1471 ron
604 1430 676 1470 nure
701 1430 765 1480 en,
790 1427 852 1468 ron
873 1405 948 1482 ieet.
991 1405 1170 1492 Temporis
1195 1408 1290 1470 notio

233 1498 338 1566 mosis
355 1493 565 1580 distinguitur
581 1490 761 1578 praemissu
780 1491 941 1577 porticula
962 1490 1042 1554 ium.
1088 1493 1200 1571 Quare
1217 1494 1292 1560 iam

201 1596 204 1602 “
234 1565 316 1650 ind}
332 1575 558 1664 velsignifieut
579 1579 619 1640 ub
642 1576 706 1640 hoo
730 1578 863 1662 quidem
887 1587 1059 1662 tempore,
1080 1600 1149 1640 non
1173 1589 1291 1664 posteo

235 1672 389 1743 demum,
414 1663 529 1754 uelde
551 1672 772 1752 perpetuare
800 1663 842 1726 ex
859 1663 1034 1751 'superiore
1059 1674 1213 1752 tempore
1236 1687 1293 1730 re·

118 1833 120 1840 y
234 1752 409 1846 petunda..

337 1870 398 1924 Liv.
412 1849 456 1934 25,
473 1867 517 1932 15,
532 1867 575 1921 16.
600 1869 689 1922 seditio
707 1869 769 1921 inde
790 1868 935 1937 paullisper
953 1870 1054 1932 tenuit,
1071 1887 1149 1936 quum
1172 1869 1222 1920 elii
1244 1887 1293 1922 ur-

301 1959 357 2010 bem
374 1955 514 2019 tuendum,
534 1955 595 2007 irs‘de
610 1955 660 2008 olli
678 1955 817 2006 cedendum
828 1959 955 2021 fortunae
974 1962 998 2005 et
1020 1956 1178 2007 tradendam
1202 1957 1301 2008 ortem
1410 1949 1411 2016 J

301 2041 443 2096 uictoribus
457 2046 593 2108 censerent.
630 2039 684 2090 Sed
705 2040 792 2090 verbu
809 2040 858 2090 olii
879 2039 970 2091 urbem
990 2042 1111 2092 tuendam
1132 2040 1232 2092 ubsuut
1255 2040 1292 2093 ab

215 2191 218 2196 Ι
302 2124 426 2179 omuibus
438 2123 586 2176 codicibus.
623 2124 717 2190 Quare
732 2121 868 2176 eiiciende
882 2123 1009 2176 uidentur
1022 2133 1050 2178 et
1064 2125 1124 2177 inde
1148 2125 1183 2176 ad
1206 2141 1293 2178 ceme-

302 2217 361 2264 rent
381 2208 573 2272 referendum
600 2209 637 2260 da
656 2226 707 2261 vore
727 2226 781 2260 oure
796 2226 833 2260 ess
849 2210 954 2262 Abdere
970 2211 1090 2276 meloten.
1124 2210 1196 2277 Aug.
1214 2195 1292 2262 uuit.

304 2293 448 2348 Ernestius
465 2308 515 2359 pro
531 2293 642 2345 vicissim
661 2291 851 2361 accipiendum
870 2299 963 2362 putet:
981 2292 1073 2347 neseio
1097 2309 1152 2363 qua
1172 2292 1291 2348 ratione.

302 2380 335 2432 tn
350 2375 439 2430 Tacit,
456 2377 523 2446 Agr.
539 2375 583 2430 tl.
605 2377 760 2430 emendatio
777 2380 837 2432 iude
855 2379 1032 2444 ostendamus,
1053 2396 1071 2433 s
1088 2378 1228 2432 Gronovio
1246 2379 1293 2432 fu-

302 2469 365 2528 ete,
383 2461 530 2514 admodum
544 2466 584 2514 est
600 2460 715 2514 incerte.
779 2479 781 2486 ‘

339 2563 399 2619 Liv.
414 2564 441 2628 9,
457 2562 501 2628 16,
517 2563 542 2615 1.
560 2553 689 2628 convenit,
706 2566 765 2618 ium<
775 2567 837 2618 inde
848 2583 897 2634 per
909 2566 1023 2619 cometes
1035 2561 1138 2634 reliqua
1154 2565 1218 2617 belli
1229 2581 1293 2634 per·

298 2655 383 2720 seota'.
418 2647 474 2700 Sed
486 2647 530 2710 21,
548 2647 591 2712 31,
609 2647 637 2699 t.
653 2649 766 2700 incolunt
782 2667 861 2718 prope
882 2651 1050 2720 Allobroges,
1068 2669 1144 2721 geos.
1155 2652 1211 2719 iam
1227 2650 1294 2702 iude

303 2735 377 2788 nulla
391 2733 492 2801 gallice
504 2739 582 2800 gente
602 2734 693 2800 opibus
710 2740 758 2784 out
768 2738 849 2800 sema
865 2735 982 2806 inferior.
1020 2737 1086 2787 Tum
1105 2736 1203 2787 discors
1225 2741 1292 2790 erat.

306 2821 376 2873 Stet.
396 2815 487 2868 Theb.
501 2812 528 2878 4,
542 2812 586 2867 42.
604 2816 717 2868 volueres
730 2818 813 2885 portis
834 2821 937 2889 auriga
956 2820 1003 2872 sub
1025 2819 1089 2888 ipsis
1112 2821 1191 2873 comit
1213 2813 1293 2888 equos

303 2911 329 2958 et
347 2904 402 2955 ium
416 2901 478 2953 inde
493 2898 557 2970 iug'o
572 2899 682 2954 luctatur
698 2902 789 2954 Arion.
865 2905 867 2912 ’

279 3071 281 3078 ·
319 3042 372 3101 27.
394 3035 434 3100 ln
459 3036 688 3102 constituendo
707 3036 819 3122 aliquo
842 3037 959 3104 ordine
981 3061 1097 3104 rerum
1119 3039 1293 3106 recentioss

233 3147 288 3202 ¹res
304 3123 480 3209 scriptores
496 3122 578 3188 inde
593 3122 807 3210 usurpabunt.

340 3242 455 3312 Quintil.
467 3242 499 3310 1,
514 3244 547 3316 1,
565 3241 608 3297 24.
628 3243 744 3311 Primum
764 3244 793 3294 id
814 3247 852 3296 est
870 3243 1034 3314 gmus‘,'-.
1074 3243 1173 3297 Vltima
1192 3243 1295 3314 specior

305 3337 361 3394 est„
377 3357 410 3368 ·-
429 3358 472 3381 -.
508 3329 635 3382 Generule
650 3335 704 3392 est,
722 3353 765 3381 -.
784 3327 864 3394 lude,
879 3331 921 3382 An
935 3347 967 3382 ee
980 3327 1108 3400 priuato?

337 3431 410 3485 Pliu.
428 3414 502 3485 Risit.
519 3449 545 3484 n.
568 3403 618 3495 19,
640 3428 673 3496 5,
696 3430 742 3483 25.
764 3432 857 3501 palma
880 3433 982 3504 llomoe
1002 3431 1172 3490 ,amitermis
1189 3431 1290 3486 dmum
1324 3447 1325 3452 ¹

299 3517 361 3572 iude
375 3517 506 3571 curtiole:
522 3516 603 3570 tertio
616 3517 782 3572 omtrutlbus.

317 3675 369 3736 28.
391 3667 685 3734 Drakenborcbius
703 3668 742 3732 ad
752 3683 754 3686 ·
767 3668 837 3734 Lir.
851 3669 883 3750 5,
901 3673 953 3743 20,
975 3670 1006 3734 7.
1028 3667 1110 3733 inde
1127 3667 1172 3732 sit
1188 3689 1288 3755 saepe

126 3788 128 3796 v
234 3756 433 3843 copularum
449 3756 554 3820 vicem
571 3763 738 3842 praestare
754 3755 895 3841 ideoque
910 3776 1051 3842 pro-que
1076 3753 1177 3820 velet
1194 3753 1289 3840 poni.

232 3840 270 3905 ld
286 3863 365 3907 vero
386 3863 457 3905 non
480 3841 536 3915 iis,
564 3841 649 3928 quos
673 3838 792 3922 affert,
815 3841 896 3906 locis
921 3840 1140 3908 demonstrari
1164 3849 1287 3926 potest.

218 3925 318 3991 ,Nam
342 3929 412 3992 Liv.
435 3930 495 4005 88,
511 3931 570 4004 29,
596 3932 646 3991 11.
668 3924 806 4012 legitur:
837 3925 919 3991 inde
937 3938 1078 4012 postero
1103 3924 1179 4004 die,
1202 3936 1236 3990 et
1254 3925 1287 4006 5,

150 4013 153 4019 ’
230 4016 292 4091 20,
317 4018 349 4077 7.·
381 4012 541 4076 Licinius
562 4023 684 4076 contra
709 4023 901 4100 suspectum
925 4012 1129 4077 seinvicem
1151 4031 1286 4098 semper

231 4119 310 4160 eom
329 4098 512 4183 pecuniam
529 4095 611 4186 fore
633 4095 769 4180 aiebat,
800 4097 1014 4185 caussasque,
1027 4098 1211 4170 eriminum
1237 4094 1286 4162 ad

226 4180 380 4268 plebem,
403 4181 610 4248 seditionum
624 4181 707 4268 inde
726 4207 769 4250 oe
792 4184 908 4274 legum
926 4189 1093 4252 novorum
1101 4181 1285 4274 proselitu-
