2902 4718
594 287 722 414 ΙΠΕΟ.Ι
1111 353 1173 428 1⁷9
1197 431 1205 452 ..

162 505 267 566 cretur
281 497 320 564 in
333 519 372 564 co
386 493 535 584 negato.
579 493 671 576 Quae
686 493 843 562 formatio
860 496 997 564 omnino
1011 496 1094 570 feisa
1111 513 1170 571 est.

140 517 259 650 donatii
273 584 313 650 ad
332 582 587 671 praepositiones
613 581 748 644 omissas
771 577 956 666 refugientis
979 587 1171 672 opinionem

139 665 259 734 referre
277 670 379 757 piget.
419 667 525 732 Nemo
539 674 648 730 autem
671 664 801 750 negabit
823 663 901 730 idco
925 666 1047 732 duabus
1070 676 1171 759 parti·

139 753 195 820 bus
223 766 383 820 constare.
433 751 533 838 Atqui
555 749 594 814 id
619 759 651 814 et
672 774 709 816 ea
734 759 908 838 propterea
931 751 1079 820 videntur
1102 781 1172 824 esse

140 841 338 926 composita,
377 848 414 902 ut
445 838 479 902 in
507 835 667 922 duplicata
698 837 835 899 notione
871 836 1015 900 eiusdem
1045 843 1171 926 generis

138 924 242 988 maior
260 936 291 988 et
308 923 490 988 distinctior
511 921 558 985 vis
574 921 750 984 exsisteret.
793 919 838 984 Id
862 921 950 986 enim
975 927 1170 992 accusativus

163 1030 253 1073 arum
272 1007 381 1071 diii'ert
395 1009 433 1070 ab
451 1029 507 1079 eo,
556 1004 809 1068 uemadmodum
819 1005 934 1070 Graeci
951 1005 1062 1071 dicunt
1075 1016 1172 1080 τοῦτο.

136 1031 210 1158 iid.
240 1091 394 1175 Sophocl.
420 1090 502 1154 Ocd.
527 1089 611 1176 'lym
637 1092 730 1154 1005.
762 1089 898 1154 Terent.
923 1090 981 1154 Ad.
1006 1095 1037 1170 6,
1063 1098 1093 1168 8,
1118 1101 1172 1162 16.

137 1178 219 1242 idue
236 1176 315 1242 ostis
332 1185 484 1240 stratores
499 1171 608 1237 milii?
648 1176 739 1254 Quae
761 1175 845 1237 ratio
866 1173 991 1257 effecit,
1015 1186 1050 1242 ut
1071 1177 1172 1268 idque

135 1263 231 1328 etiam
259 1261 433 1341 diceretur,
457 1259 513 1322 ubi
534 1257 672 1344 ideoque
700 1269 978 1346 exspectaremus,
1010 1273 1042 1326 et
1066 1263 1105 1328 id
1128 1301 1170 1318 -

135 1348 216 1434 quio
238 1367 302 1494 pro
326 1345 404 1410 ideo
418 1377 457 1394 -
478 1343 569 1430 quia.
596 1345 660 1408 vid.
684 1343 817 1412 Terent.
842 1343 942 1410 Andr.
964 1351 995 1424 2,
1009 1352 1041 1423 8,
1055 1353 1086 1414 2.
1137 1349 1171 1415 Si

135 1453 213 1496 vero
230 1434 238 1494 i
255 1432 317 1494 iam
338 1429 421 1506 vim,
443 1449 542 1516 quam
560 1426 652 1493 aflert
668 1428 723 1506 id,
745 1427 880 1498 reddere
900 1430 1067 1515 volumus,
1089 1456 1170 1522 pro-

135 1515 299 1584 nominale
320 1535 443 1578 nomen
467 1513 522 1576 six
552 1515 673 1598 poterit
699 1511 856 1578 adhiberi.
913 1515 1059 1582 Dicimus
1089 1518 1175 1584 eden'

137 1602 281 1665 darum.
320 1599 435 1663 Graeci
457 1596 555 1662 simili
578 1599 723 1677 ratione,
745 1609 780 1662 ut
802 1597 879 1662 Euri
908 1599 974 1664 ides
997 1600 1071 1668 ion.
1095 1607 1172 1671 656.

137 1689 234 1776 (668.)
255 1685 333 1748 τοῦτ’
347 1686 407 1750 ἐκεῖ
412 1706 421 1750 :
444 1681 534 1769 quod
551 1704 619 1747 non
635 1693 705 1747 erat
723 1621 966 1768 corrigendum.
1089 1699 1091 1706 '

247 1803 405 1872 comparari
422 1807 531 1872 posenni
554 1799 685 1855 dictiones
709 1800 860 1869 pleonasmi
881 1802 989 1857 nomine
1011 1803 1170 1876 designatas

198 1887 276 1952 τίνος
298 1885 333 1958 δὴ
352 1881 434 1956 χάριν
454 1881 534 1940 ἕνεκα
557 1886 799 1954 apudPlatnnem,
822 1881 895 1954 cippi
911 1887 973 1957 scapi
994 1887 1113 1958 aprime
1136 1895 1170 1948 dc

108 1970 111 1980 '
201 1971 297 2042 quibus
316 1973 387 2024 conf.
405 1971 552 2024 Hermann.
574 1967 730 2038 de‘Ellipsi
746 1978 775 2024 st
788 1969 911 2024 Plecusa.
929 1972 1025 2040 rami.
1042 1975 1130 2044 (226.)

218 2105 350 2174 Idcirco
365 2127 438 2174 rem
454 2119 522 2170 esse
536 2102 673 2186 indicat,
695 2102 735 2168 nd
750 2125 848 2190 quam
862 2103 923 2168 alia
937 2125 989 2170 res
1009 2107 1171 2178 referatur

138 2195 202 2260 sive
224 2215 363 2279 quacum
380 2193 441 2256 alia
465 2191 635 2258 cohaereat
652 2192 785 2253 oaussaii
803 2203 910 2254 nexus
935 2213 973 2255 eo
989 2203 1096 2258 antem
1115 2196 1170 2261 in-

136 2290 266 2344 ternum
289 2299 412 2344 nexum
436 2276 591 2364 exprimit
615 2295 761 2347 caussae,
798 2297 838 2338 ex
863 2297 926 2360 qua
948 2276 1025 2362 quid
1051 2301 1170 2366 prors-

135 2367 212 2430 uiat.
260 2363 351 2428 Hanc
377 2383 519 2428 caussam
551 2381 625 2424 cum
659 2359 807 2446 graviore
836 2360 1044 2426 distinetione
1077 2375 1200 2432 notat.

136 2450 224 2515 ideo.
274 2447 512 2529 Romshoruius
536 2446 717 2509 Grammat.
763 2447 958 2510 .851.·cur'n
983 2447 1051 2511 aliis
1076 2471 1171 2514 caus-

136 2555 203 2598 sam
221 2543 253 2597 et
271 2535 477 2598 occasionem
492 2533 525 2595 in
543 2530 593 2594 his
612 2467 774 2594 vocabuiis
800 2528 985 2615 distitiguit,
1006 2552 1073 2595 non
1093 2537 1170 2598 satis
1242 2599 1248 2614 .

97 2662 100 2672 ι
135 2627 308 2708 reputans,
334 2617 509 2682 haecratio
536 2615 562 2678 si
589 2613 694 2702 proba
718 2622 820 2694 esset,
841 2617 976 2702 proprie
998 2637 1072 2680 cum
1093 2619 1171 2685 ideo

137 2703 402 2791 coniungendam
426 2725 495 2766 essa
519 2697 698 2789 quoniam,
730 2700 820 2785 quod
840 2709 950 2769 tamen
972 2703 1075 2766 rarius
1099 2716 1130 2769 et
1152 2729 1170 2770 a

136 2787 372 2856 recentioribus
400 2785 612 2874 scriptoribus
635 2785 855 2870 componitur.
904 2787 1011 2852 Latini
1036 2790 1172 2856 veroin

135 2875 260 2960 vulgari
279 2896 338 2938 usu
357 2873 531 2940 discrimen
546 2869 624 2934 illud
648 2869 796 2934 subtilius
821 2892 891 2934 non
915 2870 1086 2957 diligenter
1110 2896 1171 2939 cu-

140 2970 270 3037 rarunt,
301 2953 378 3023 ideo
401 2957 517 3022 eodem
544 2951 722 3042 significatu
748 2977 874 3042 ponere
895 2955 1000 3034 soliti,
1023 2979 1088 3042 quo
1114 2959 1172 3026 id·

136 3045 224 3114 circo
241 3045 368 3109 dicitur.
411 3043 521 3122 Quare
538 3062 652 3104 omncs
672 3037 740 3102 fere
757 3039 909 3104 dictionis
924 3039 1062 3123 formae,
1087 3065 1170 3130 quae

133 3131 171 3198 in
199 3128 326 3197 idcirco
352 3127 553 3207 notavimus,
590 3121 712 3192 habent
737 3124 834 3204 etism
858 3123 891 3188 in
920 3121 996 3190 ideo
1022 3131 1169 3218 exempla

135 3214 264 3283 similia.
321 3213 412 3294 Quae
442 3233 521 3276 vero
542 3208 722 3274 similitudo
746 3208 833 3274 inter
856 3230 895 3276 ec
915 3219 945 3274 et
970 3209 1047 3286 ideo
1066 3214 1185 3290 inter-⁴<

53 3359 57 3376 ,
137 3300 250 3378 cedat,
278 3297 351 3364 vide
371 3297 459 3386 apud
480 3298 662 3363 Varronem
695 3293 736 3360 de
757 3293 883 3382 Lingua
908 3293 971 3368 liat.
992 3297 1030 3380 4,
1055 3305 1083 3366 1.
1112 3301 1166 3385 (5,

137 3391 176 3468 1,
201 3383 258 3470 5.).

224 3515 253 3575 1.
277 3505 496 3596 componitur
510 3506 609 3594 igitur
623 3502 702 3570 ideo
718 3525 792 3568 oum
807 3502 958 3571 relativae
967 3508 1171 3590 enuntiatio-

135 3594 187 3664 nis
203 3593 300 3662 altera
319 3605 421 3681 parte.
465 3592 718 3660 coniunctiones
741 3600 817 3654 sunt
840 3590 946 3676 quod,
968 3594 1068 3679 piria,
1087 3611 1194 3678 quo-‘

135 3682 251 3758 niatu,
272 3677 355 3744 haec·
366 3678 498 3766 quidem
521 3697 681 3763 nusquam
698 3676 781 3763 apud
807 3675 1003 3764 antiquiores
1026 3679 1171 3764 scripto.-

136 3785 188 3834 1es
206 3761 317 3840 obvia,
337 3763 411 3832 iliae
426 3774 533 3828 autem
548 3762 646 3828 etiam
663 3760 749 3850 apnd
767 3771 891 3851 poetas.

240 3884 326 3937 Varro
343 3881 377 3940 de
394 3885 436 3940 Ro
450 3899 475 3938 r.
492 3881 519 3948 2,
533 3881 559 3960 ii,
572 3879 599 3936 6.
616 3881 673 3938 idea
686 3882 754 3951 qaod
764 3881 878 3952 pteriprs
891 3879 1049 3942 deducantur
1066 3879 1102 3934 sd
1114 3896 1172 3934 rac·

204 3967 253 4022 ins.
287 3967 343 4022 Cic.
367 3984 393 4036 p.
410 3967 491 4022 Roas.
504 3967 563 4025 aa.
575 3965 618 4030 dit
632 3961 675 4020 85.
692 3967 750 4020 idea
770 3965 837 4034 quad
858 3963 961 4024 tametsi
981 3962 1094 4017 ueritatis
1115 3970 1173 4026 erat

201 4053 316 4117 amicas,
357 4059 445 4106 tamen
482 4059 579 4106 actara
621 4065 671 4104 unu
708 4057 761 4110 tam
790 4065 930 4119 propensas
965 4048 1001 4100 cd
1032 4049 1173 4114 massicus·
1213 4096 1218 4106 ,,

193 4137 277 4208 'dicas
290 4163 325 4177 -
341 4137 485 4194 cidetatar.
519 4135 553 4192 at
566 4133 646 4198 Fam.
662 4133 688 4204 1.
702 4133 730 4203 6,
745 4131 788 4190 11.
808 4147 836 4186 ra
849 4133 949 4199 quidam
964 4129 1022 4200 ipsa
1036 4131 1094 4197 aaa
1107 4130 1173 4187 astiti

845 4217 885 4279 12
904 4215 924 4256 *
