2846 4724
161 383 166 390 .
205 281 211 308 '
264 325 331 392 eor
726 297 845 382 rnuu.
905 379 915 406 ,y

142 491 146 498 ·
250 491 271 540 ·.
335 479 379 539 ,7.
409 468 460 537 Ad
482 490 535 534 res
558 467 712 552 refertur.
755 469 842 534 Nom
866 467 1070 555 intelligitur·
1084 495 1159 556 res,
1183 454 1226 543 ex
1256 500 1319 565 quo

166 623 169 638 ,
264 559 388 647 oliqnid
414 555 724 657 p1·ogredinlur·vel
748 557 911 648 originem
929 557 1047 640 duent,
1066 570 1125 626 'out
1151 587 1206 646 oa,
1231 565 1320 632 unde

263 646 345 734 quid
362 663 529 732 cnprnmue
546 641 597 706 vel
612 639 817 728 hauriamus.
1256 649 1259 656 ·

365 767 406 818 De
427 755 535 832 oiigin'e
555 766 584 816 et
602 761 699 840 1ῃίιίοι
720 759 779 815 Cio.
800 779 827 830 p.
849 759 933 812 Rure·
949 761 1010 816 Am.
1025 763 1069 831 21,
1084 761 1130 819 15.
1154 768 1217 822 inde
1234 775 1321 828 omorio

218 845 220 850 ’
330 848 614 914 ooelerooomdlefioio
624 847 787 916 gignuntur.
822 845 884 899 Ltv.
899 843 979 912 2,82,
995 845 1020 901 8.
1038 850 1139 917 placuit
1156 854 1245 924 igitur
1258 874 1321 910 orn-

262 1003 265 1012 .
328 943 407 989 torem
424 934 462 987 od
478 933 581 1001 plebem
596 931 669 986 mitti
683 932 833 986 Menenium
850 933 1000 1001 Agrippum
1018 936 1167 1006 ferundum
1187 937 1273 992 binim
1295 950 1321 995 et

331 1019 399 1090 prod
414 1019 475 1070 inde
493 1017 619 1069 oriundus
633 1012 708 1079 eroli
726 1016 797 1084 plebi
818 1031 917 1067 eorum.
953 1015 986 1068 de
1003 1017 1062 1070 lnv.
1077 1018 1103 1081 1,
1117 1019 1161 1085 20,
1175 1021 1219 1074 28.
1238 1026 1322 1078 oreon

326 1105 374 1156 erit
391 1100 544 1170 (narratio),
566 1101 590 1153 oi
603 1101 670 1153 unde
683 1119 784 1154 neeeue
800 1109 848 1165 εει,
862 1101 927 1164 inde¹
935 1097 1038 1156 initium
1058 1113 1185 1159 rumetum
1203 1125 1231 1176 p.
1249 1101 1320 1186 [aeg]

182 1207 185 1214 ·
263 1228 266 1236 .
305 1225 308 1232 .
328 1188 404 1260 Man.
418 1185 445 1250 2,
458 1182 485 1262 4
504 1191 534 1237 ut
551 1185 612 1236 inde
625 1186 710 1237 oratio
724 1205 782 1238 oreo
796 1186 986 1254 proficiuntur.

266 1333 270 1338 .
359 1291 451 1345 Plnut.
473 1287 577 1342 Buooh.
592 1284 625 1353 4,
634 1285 660 1353 9,
681 1286 725 1343 83.
751 1289 812 1342 inde
837 1307 855 1341 o
874 1289 1005 1357 principio
1026 1289 1082 1342 inm
1101 1245 1241 1360 *impunem
1261 1294 1318 1363 epi-

327 1377 396 1430 otole
411 1381 457 1428 erl.
868 1399 871 1405 ·
1057 1414 1058 1420 ,
1192 1411 1196 1418 ,
1335 1399 1339 1412 ,

358 1479 450 1530 Plnut.
459 1474 556 1542 Amph.
571 1473 598 1540 1,
613 1473 639 1539 1,
654 1473 714 1526 213.
733 1475 814 1526 oodue
829 1479 886 1526 erut
904 1475 974 1528 vini:
994 1474 1054 1527 inde
1066 1467 1172 1546 'impleri
1186 1477 1317 1532 leimeom.

263 1603 265 1610 .
303 1567 307 1576 '
325 1561 387 1618 Lir.
401 1557 487 1650 bpbl,
505 1559 531 1610 1.
548 1559 610 1612 inde
628 1560 754 1611 libertotie
769 1566 875 1626 ruptore
898 1576 1011 1623 norom,
1029 1562 1099 1613 unde
1114 1561 1265 1615 seruitutem
1283 1566 1317 1618 li·

328 1647 424 1700 meudo
444 1646 473 1697 in
495 1661 554 1696 eum
569 1650 674 1698 ¹elotum
690 1644 877 1712 rempublicam
902 1645 1074 1698 adduxerunt.
1109 1643 1189 1711 opit.
1211 1645 1274 1700 Am.
1290 1648 1316 1712 1,

327 1730 388 1784 238.
411 1737 448 1783 eet
464 1728 583 1796 aliquid,
599 1734 705 1798 praeter
728 1729 809 1791 oinn,
825 1730 893 1796 quod
916 1730 975 1780 inde
997 1736 1080 1798 petat.
1114 1728 1216 1792 Line,
1231 1730 1274 1794 18,
1291 1730 1316 1783 ⁵.

330 1833 394 1886 rege
403 1815 465 1866 inde
483 1820 592 1882 sumpto.
610 1811 630 1865 i.
645 1828 669 1863 e.
688 1829 722 1863 ex
740 1813 858 1866 Sabinis.
892 1814 970 1866 eurr.
983 1810 1019 1880 ·8‚
1034 1812 1078 1880 lu,
1093 1813 1136 1866 12.
1151 1815 1211 1867 inde
1226 1817 1318 1869 Graeci

325 1899 469 1956 mentiendi
487 1906 588 1950 truoere
607 1897 743 1950 licentium.
1095 1921 1099 1930 .

288 1997 292 2002 ’
362 2004 438 2056 curt
453 1984 538 2064 8‚'9‚
556 1997 597 2052 15.
620 2006 693 2052 terro
720 2000 770 2052 lini
786 1977 882 2069 feror:
914 2000 975 2054 inde
994 1999 1127 2071 pleriopue
1148 2007 1208 2054 tunt
1229 2009 1314 2054 vener.

325 2088 399 2142 Edit.
412 2085 549 2138 Snulrenb.
562 2084 641 2137 unde.

360 2189 459 2258 virgil.
477 2189 528 2241 Ge.
543 2187 569 2254 3,
585 2185 647 2252 489.
668 2158 716 2240 ool
733 2186 756 2238 ri
769 2201 847 2254 quom
864 2190 941 2253 serro
962 2172 1125 2238 mootouerot
1148 2193 1207 2239 oue
1227 2203 1313 2238 roceo·

263 2321 278 2330 .,
326 2278 387 2341 dor,
407 2275 468 2326 inde
480 2291 559 2342 neque
572 2271 699 2341 imponitis
715 2271 809 2322 ardent
826 2271 924 2323 ultorio
942 2271 1026 2338 fibris.
1041 2268 1060 2322 i.
1078 2287 1102 2322 e.
1118 2269 1181 2322 inde
1197 2271 1312 2339 sumptio

291 2391 294 2398 ·
326 2367 355 2416 et
368 2355 509 2448 imponitis.
545 2356 669 2410 Mortinl.
684 2354 703 2406 l
711 2394 718 2421 ,
737 2352 846 2420 18,14.
871 2363 897 2410 et
915 2357 939 2409 ri
958 2357 1023 2410 odeo
1036 2362 1112 2429 moto
1125 2373 1167 2420 ee,
1184 2357 1253 2409 disee
1273 2356 1314 2410 oel

214 2489 216 2496 ,
324 2449 388 2500 inde
402 2444 480 2512 loqui.
824 2449 826 2454 ’

357 2548 472 2617 Quintil.
487 2544 514 2610 b,
529 2541 613 2610 2,18.
630 2543 659 2596 lli
677 2544 795 2596 dioereor
814 2529 947 2613 opiniones
968 2543 1151 2608 tradiderunt,
1172 2532 1312 2612 appelleti-

320 2650 372 2704 pne
382 2635 443 2686 inde
456 2631 628 2698 Apollodorei.
663 2627 692 2693 6,
706 2629 734 2694 2,
751 2627 777 2681 8.
788 2628 856 2702 ιιἰιιίιι
868 2646 934 2697 pore
951 2646 1049 2696 poopue
1064 2629 1113 2681 ello
1129 2627 1310 2697 pbilosopbioe

324 2715 413 2790 ἠθική
429 2715 536 2769 morolio
552 2721 589 2766 eet
605 2713 686 2765 dioto.

256 2875 260 2886 ,
353 2822 386 2873 ln
404 2815 563 2872 derivandis
578 2815 824 2882 vocabulimaopo
839 2811 1043 2879 Quintilianus,
1064 2810 1152 2866 veluti
1166 2812 1193 2876 1,
1210 2810 1254 2876 14,
1268 2811 1310 2864 lb.

306 2925 342 2962 .o
362 2904 473 2957 levando
496 2903 565 2953 lotuo
582 2907 607 2953 el
629 2900 688 2952 inde
710 2917 798 2952 runnu
816 2901 914 2951 illotus.
949 2897 974 2961 1,
991 2896 1018 2960 5,
1033 2894 1077 2951 ut.
1102 2896 1128 2962 9,
1147 2894 1234 2965 489.
1250 2895 1311 2950 Irin.

324 2991 352 3058 2,
369 2988 396 3055 8,
411 2989 438 3042 2.
457 2987 519 3040 inde
534 3001 674 3056 cognomen
681 2991 790 3055 suctum
802 2985 949 3036 Publicolae
963 2989 1010 3035 ert.

341 3130 372 3191 8.
407 3119 619 3189 Contrarium
646 3141 749 3206 quum
775 3121 855 3184 irino
879 3120 938 3197 sit,
963 3115 1044 3188 inde
1065 3123 1178 3203 polest
1202 3118 1308 3180 inter·
1399 3093 1400 3138 ³

255 3213 338 3278 dum
368 3206 546 3297 explicari,
580 3207 671 3292 quusi
702 3204 861 3293 significet
886 3203 930 3270 ob
955 3203 1068 3267 ultera
1098 3200 1163 3264 illu
1191 3212 1307 3288 porte.

257 3298 359 3380 Quod
392 3293 532 3385 proprie
568 3301 750 3378 usurpatur
787 3291 828 3356 de
861 3287 1038 3374 adversarii
1068 3296 1174 3375 perte.
1226 3286 1308 3362 Vide

256 3387 395 3450 Gesner.
412 3383 453 3448 ud
471 3377 610 3462 Quintil.
631 3381 668 3451 6,
692 3384 729 3460 1,
748 3383 780 3443 6.
806 3389 835 3443 el
864 3398 947 3465 quoe
972 3374 1182 3462 disputarunt
1205 3372 1308 3437 eritici

142 3503 146 3518 „
255 3470 297 3536 nd
314 3471 521 3539 'sarcinolum
540 3469 591 3545 13,
611 3463 662 3528 14.

253 3633 257 3649 ,
368 3589 482 3657 Quintil.
495 3585 524 3666 J,
543 3585 568 3648 1,
584 3583 611 3636 8.
630 3561 775 3636 tremibum
792 3599 856 3652 ergo
870 3581 906 3634 od
919 3595 1067 3649 rerponrum
1086 3577 1173 3646 portio
1190 3577 1306 3641 alteriue,

322 3674 543 3728 idem'intueborr
562 3685 747 3736 nonnunquam
768 3669 865 3736 elium,
882 3667 951 3734 quod
966 3665 1028 3718 inde
1041 3663 1228 3725 obtinebatur,
1249 3679 1307 3714 eon·

205 3765 208 3772 '
316 3763 420 3826 serrum
437 3759 503 3812 brot.
536 3754 563 3819 (i,
578 3755 604 3819 1,
618 3753 645 3806 6.
668 3771 732 3805 nom
748 3769 890 3822 prouocare
912 3767 978 3820 quoe
995 3747 1119 3801 indeoinl
1134 3747 1237 3812 fortio,
1255 3763 1306 3798 non

321 3845 457 3920 arguetis
475 3850 529 3906 eol,
548 3841 593 3894 red
608 3838 741 3892 monneto.

338 3983 368 4045 9.
388 3979 505 4063 Neque
530 3975 625 4040 aliter
647 3972 689 4038 de
713 3969 923 4051 hominibus,
945 3978 983 4033 ut
1006 3966 1166 4058 significet
1191 3963 1235 4031 ob
1258 3985 1305 4036 eo,

253 4077 370 4130 ex'eo.
422 4064 461 4127 ln
486 4059 695 4130 sermonibus
719 4057 828 4123 aulem
854 4057 1020 4122 brevitatis
1050 4076 1161 4119 caussa
1187 4071 1305 4138 quem-

207 4227 211 4234 ,
253 4173 396 4237 eumque
412 4148 582 4215 'tutionem
603 4147 644 4212 od
661 4145 814 4212 homines
832 4139 1055 4232 pertinentem
1072 4141 1171 4207 etiem
1196 4136 1235 4202 ud
1259 4135 1307 4198 Ιο-
