2856 4722
508 316 511 322 '
574 334 736 410 lnTnn
1107 343 1171 410 sse

189 499 225 556 ed
235 497 299 554 'Aa
314 497 358 562 10,
375 493 403 550 4.
417 514 471 570 ego
486 497 556 552 eseias
569 499 607 553 el
617 515 678 553 essm
694 497 814 564 scritum,
833 504 862 550 at
882 497 940 568 'lpse
951 497 1026 566 ates,
1044 498 1078 552 ‹ls
1092 515 1124 554 se
1142 516 1173 554 se

186 604 233 638 ssos
252 586 321 637 intes
342 600 390 635 isos
412 581 536 652 loquelas.
572 583 606 636 de
629 583 691 636 Not
715 582 740 635 d.
763 581 796 648 1,
812 579 864 646 26,
878 581 930 633 tl..
945 584 993 636 leae
1013 585 1170 650 mirabilius,

127 653 134 674 ⁸
188 672 258 741 qaod
279 687 325 721 oos
342 668 413 720 intes·
433 686 474 720 vos
495 671 577 722 risam
600 675 686 721 tessere
710 667 820 737 possin.
862 666 1022 721 Mirabilem
1046 686 1171 724 errarem

183 755 252 807 'vide
269 751 341 820 epoti
358 753 495 807 Goerenn.
509 754 544 807 sd
559 753 616 806 Cic.
634 751 719 806 Aced.
735 751 761 804 2.
780 770 807 820 p.
824 749 867 804 96.

224 856 282 910 Cio.
298 857 332 906 de
348 855 404 913 011.
419 856 444 922 1,
460 853 504 921 10,
520 835 562 910 50.
579 835 633 909 eins
648 863 735 909 autem
749 855 876 908 viaculum
891 862 928 908 est
942 853 1008 906 sotio
1026 861 1052 906 et
1076 857 1170 921 cretio,
1256 917 1264 928 ἱ
1283 869 1296 918 ,·

187 959 253 1010 qaae
271 942 403 1004 docendo,
420 941 631 995 communicando
650 966 684 980 -
702 939 820 994 consiliat
840 940 909 994 iales·
924 956 951 993 se
972 939 1089 992 homines
1109 959 1171 994 eon-
1202 989 1204 994 .

187 1026 326 1095 iungitque
340 1027 457 1078 natereli
470 1027 587 1096 medem
600 1025 726 1078 societate.

225 1127 342 1189 Graeci,
359 1132 391 1180 nt
411 1133 534 1198 constat,
553 1126 657 1182 lacessi
673 1142 723 1195 pro
740 1120 864 1193 ἓμαντοῦ
880 1124 1017 1178 interdum
1038 1126 1171 1183 dixerant.

118 1227 135 1276 ἱ,
156 1207 165 1224 ³
187 1209 252 1264 vide
270 1211 547 1266 Malthioeflrnmm.
565 1231 592 1281 p.
607 1210 668 1268 92⁰·
707 1211 739 1263 ld
763 1207 942 1262 recentissimi
965 1211 1112 1280 scriptores
1128 1199 1171 1265 1αέ

87 1335 90 1340 -
189 1295 241 1349 tini
257 1295 341 1348 etiam
357 1295 550 1349 imitetimt.
584 1298 696 1352 Minae..
712 1295 773 1349 Fcl.
796 1294 837 1348 18.
852 1297 946 1347 similes
968 1298 1078 1350 universi
1098 1299 1172 1351 oisle-
1216 1333 1220 1338 -
1293 1291 1295 1300 ’

185 1375 246 1432 mar
260 1388 284 1432 ct
302 1381 367 1433 inter
387 1399 414 1433 se
434 1383 548 1452 singolis
569 1383 706 1434 dissimiles
730 1381 883 1433 invenimur.
925 1381 1003 1446 Quae
1025 1382 1172 1450 Wopkens.
1273 1412 1277 1418 ·

188 1463 218 1517 in
239 1464 319 1519 Misc.
344 1464 457 1520 Observ.
483 1466 518 1519 Τ.
540 1466 584 1518 10.
609 1484 636 1535 p.
656 1463 700 1517 ill.
727 1470 882 1531 comparet,
913 1464 1100 1524 diversi‘snnt
1121 1459 1173 1535 μ’·
1220 1509 1222 1514 .

142 1587 145 1592 -
187 1566 271 1603 neris.
1157 1587 1160 1593 -

223 1641 292 1705 ilem
309 1651 486 1706 substantivis
503 1650 705 1721 coniunguntur
719 1652 785 1704 inter
799 1670 840 1705 ses
864 1650 920 1705 cic.
937 1651 1042 1720 deFin.
1056 1651 1082 1718 1,
1092 1642 1117 1717 0,
1128 1651 1174 1705 lt.

186 1734 226 1790 ila
246 1739 319 1806 effici
340 1739 536 1808 complexiones,
557 1744 583 1789 et
605 1738 779 1806 copulationes
795 1745 819 1810 el
841 1721 1056 1790 adhaesitationes
1074 1745 1174 1790 atomo·
1202 1769 1204 1774 ·

188 1839 247 1873 sum
273 1825 340 1876 inter
362 1839 396 1875 se.
431 1821 465 1874 nd
486 1823 564 1873 Fem.
586 1819 619 1886 9,
633 1819 666 1886 3,
682 1820 708 1872 4.
734 1823 809 1875 aelsla
831 1819 877 1887 id,
894 1825 982 1887 cralo,
1000 1824 1173 1877 laborandum

188 1915 246 1972 est,
263 1927 295 1962 ac
311 1935 346 1949 -
363 1913 450 1960 nostra
464 1906 593 1958 asiacum
608 1914 653 1958 esst
667 1907 733 1958 inter
747 1923 792 1958 aas
806 1909 912 1974 cessatio
931 1909 1099 1976 vituperetur.
1126 1907 1169 1972 10,
1190 1905 1192 1913 '

118 1993 124 2003 '
188 1991 232 2057 34,
247 1990 273 2044 7.
292 1992 405 2060 Sallust.
421 1991 481 2058 Ing.
504 1988 554 2053 10,
570 1987 597 2041 3.
626 2007 691 2057 ques
713 2006 754 2041 res
776 2008 816 2041 cos
835 1992 863 2043 in
886 2009 981 2060 magna
1002 1993 1172 2061 dtaumoqos

190 2080 254 2132 lello
274 2081 339 2131 s'oter
359 2095 387 2130 se
400 2077 501 2128 leolait.
536 2073 596 2126 Liv.
613 2073 657 2138 21,
669 2071 714 2138 30,
730 2072 756 2124 9.
781 2082 910 2129 asserant
932 2077 1000 2127 iales
1018 2091 1046 2127 se
1070 2077 1172 2145 opinia-

188 2181 254 2217 oesn.
274 2162 293 2216 i.
309 2179 335 2215 e.
353 2154 394 2215 slis
410 2159 608 2229 wechsclseitige
623 2157 757 2228 Aelstosig.
1069 2165 1071 2171 ’

224 2274 344 2335 lustinus
363 2281 454 2334 Praei.
470 2277 496 2332 3.
514 2297 580 2347 qaae
596 2278 711 2360 historici
732 2279 901 2346 Graecorum,
917 2287 994 2350 prosit
1011 2281 1171 2334 commodam

191 2367 279 2434 coique
288 2368 362 2433 fait,
374 2367 450 2434 ¹ieter
464 2381 516 2417 sese
531 2365 669 2434 gregatim
683 2373 868 2434 occupaverant
888 2364 1006 2430 omissis,
1028 2383 1094 2434 qaae
1112 2367 1172 2437 sisse

186 2455 279 2519 fratte
294 2459 383 2517 mant,
402 2467 435 2504 co
449 2449 538 2502 amaia
551 2451 687 2519 Pompeios
702 2451 787 2502 «livisse
800 2450 956 2517 temporibus
968 2456 994 2502 et
1009 2452 1075 2502 serie
1087 2455 1175 2504 reram
1211 2451 1212 2454 ’
1280 2510 1282 2518 ,
1311 2449 1314 2458 ’

190 2537 297 2606 digesto
311 2537 458 2605 compossit.
493 2536 537 2586 lte
552 2551 623 2586 nnnc
643 2532 734 2586 critici
756 2534 899 2586 ediderunt
920 2539 948 2585 et
967 2533 1112 2586 Dribnerus
1131 2536 1174 2587 in·

190 2627 373 2688 terpretetur:
391 2637 462 2688 qnae
476 2619 603 2672 historici
614 2620 781 2671 Graecorum
793 2618 931 2687 gregatim
950 2617 969 2670 i.
985 2635 1009 2672 e.
1027 2621 1107 2690 multi
1117 2627 1173 2674 trs-

160 2701 165 2715 “
190 2711 334 2760 ctnvernnt
353 2705 448 2757 divisis
466 2705 538 2773 inter
553 2721 582 2758 se
604 2706 696 2758 re'bns,
731 2705 809 2771 Quae
830 2703 966 2758 sententie
987 2717 1040 2757 non
1065 2713 1172 2774 poterat

189 2791 245 2844 iilis
267 2788 360 2844 verbis
384 2789 516 2872 exprimi,
542 2807 592 2842 nec
615 2791 751 2860 gregatim
771 2789 805 2842 sle
828 2783 924 2840 mullis
948 2771 1099 2855 historicis,
1122 2809 1173 2844 nec

190 2877 293 2930 iotcr'se
306 2876 340 2928 de
356 2877 437 2928 rebus
452 2874 546 2928 divisis
561 2874 625 2926 diei.
661 2875 815 2948 Scripsisse·
829 2875 900 2928 mihi
914 2874 1023 2928 videtur
1036 2876 1172 2930 lustinuss
1196 2881 1200 2892 '

190 2977 257 3028 qaae
280 2961 444 3012 historici-
461 2962 525 3012 inter
547 2977 572 3012 se
589 2962 724 3028 segregati
744 2967 940 3030 occupaverant.
963 2959 982 3015 i.
1004 2979 1030 3014 c.
1053 2961 1126 3016 inter
1143 2980 1173 3017 se
1202 2979 1208 2987 “
1250 3007 1253 3014 s

191 3043 403 3098 discedentes-in
420 3042 543 3112 singulos
558 3050 658 3111 partes.
739 3105 742 3117 ι

202 3201 206 3206 -
226 3162 343 3229 Quintil.
357 3161 399 3226 10,
416 3161 443 3228 2,
461 3160 503 3214 15.
521 3163 550 3215 iss
571 3161 678 3232 magnis
693 3178 792 3230 quoqne
815 3162 959 3216 sudoribus
979 3163 1099 3219 incidant
1120 3167 1173 3219 oli-

193 3266 247 3318 qna
262 3248 354 3300 vitiosa
370 3255 394 3316 ct
409 3265 426 3308 a
439 3249 523 3302 doctis
540 3250 609 3301 inter
624 3249 692 3318 ipsos
702 3235 789 3301 'etlam
808 3255 897 3301 motae
916 3249 1078 3316 reprehenso.
1102 3248 1128 3314 4,
1146 3250 1172 3310 2.

190 3333 242 3396 111.Ι
255 3334 288 3386 sle
301 3332 378 3386 laede
394 3333 459 3384 intes
470 3333 539 3401 ipsos
555 3340 688 3390 cenetam.
722 3330 748 3396 6,
764 3327 790 3396 3,
805 3330 848 3384 32.
868 3332 925 3385 cio.
941 3332 974 3384 dc
984 3330 1037 3385 Off.
1054 3332 1080 3397 1,
1088 3331 1113 3397 7,
1126 3333 1170 3396 20,

191 3419 297 3470 societas
312 3417 444 3470 lominum
461 3418 528 3469 inter
540 3419 614 3488 ipsos.
648 3414 695 3467 nbi
715 3416 807 3492 Beier.
843 3417 917 3470 Cart.
928 3413 1017 3482 Β,’6,
1034 3415 1076 3468 12.
1091 3425 1172 3483 ‚tenta

192 3503 310 3554 sinaitas
337 3502 377 3555 ecl
397 3501 424 3553 in
448 3518 537 3573 segem
558 3503 601 3558 iso
621 3501 662 3554 ael
673 3503 745 3570 fides
765 3503 834 3556 intes
857 3503 931 3574 ipsos
950 3504 1015 3570 soit.
1060 3502 1172 3556 Sneton.

98 3627 108 3641 .
189 3585 261 3654 An'g.
278 3585 323 3638 53.

207 3739 260 3805 24.
282 3739 390 3804 Verba
414 3749 491 3802 sunt
507 3737 688 3826 quaedam,
711 3737 879 3826 quaeipsis
899 3737 1171 3804 communionem

122 3836 156 3889 et
179 3836 333 3890 mutuum
356 3829 528 3911 negotium
559 3821 772 3912 significent‚'
791 3825 847 3890 sed
881 3835 993 3887 tamen
1021 3826 1174 3890 adiuncto

121 3910 245 3977 hebere
260 3911 369 3976 solent
386 3910 543 3975 vocabula
558 3911 649 3975 inter
663 3933 709 3987 se.
752 3909 790 3974 Id
809 3910 1015 3994 grammatici
1039 3911 1077 3974 od
1106 3912 1171 3976 vim

124 3999 283 4062 orationis
316 3998 495 4084 augendam
523 3995 685 4075 referunt,
723 3999 771 4059 nti
795 3995 942 4060 Kritzius
972 3995 1014 4060 od
1038 3995 1170 4063 Sallust.

123 4081 193 4172 lug.
218 4087 278 4158 66,
302 4088 332 4147 2.
365 4081 420 4147 alii
443 4092 552 4146 eutem
582 4080 801 4147 abundantiae
823 4081 961 4145 nomine
991 4079 1172 4170 reprehen-

123 4167 215 4237 dunt.
257 4167 425 4256 Equidcm
443 4180 527 4257 puto
544 4167 580 4236 id
590 4189 642 4240 ,cx
657 4167 783 4256 sulgnri
801 4189 955 4234 sermone
976 4167 1115 4260 copioso
1135 4168 1169 4234 in

674 4335 803 4448 μὴ

672 4433 802 4506 '‘sssssss,

692 4521 791 4598 *lest*
