2846 4724
543 357 701 482 ‚1uuu
773 390 774 396 Ν
839 313 990 466 J*
1102 366 1168 432 eae

72 551 76 560 .
179 513 235 567 diae
248 520 273 567 a
280 518 384 582 femore
392 517 418 564 et
431 527 507 564 erere
520 509 625 566 einietro
637 529 689 564 non
703 513 812 581 perinde
826 513 938 580 ooletot,
953 522 984 570 at
998 531 1073 586 eoepe
1088 518 1169 572 etiam

181 599 244 652 inde
256 596 425 684 plandiooret.
460 595 530 650 Num
547 597 613 650 libri
629 596 723 677 scripti
740 599 945 664 inolaadieaoet‚
961 603 1011 656 iter
1022 603 1085 654 inei.

81 763 84 772 .
145 735 155 762 s
192 699 287 754 'Plio
302 699 389 768 Epist.
413 699 439 766 1,
457 697 483 753 5.
502 701 562 753 inde
583 709 634 766 eet,
653 703 721 771 qnod
744 719 870 773 magnam
890 709 993 774 partem
1012 707 1127 760 noctium
1142 707 1171 759 2¹„

100 861 103 868 1
182 787 301 858 imagine
316 794 364 842 tao
380 787 451 859 vigil
469 787 553 858 exigo.
739 785 742 792 '

200 923 250 985 14'.
281 923 390 987 Livius
416 921 609 987 nominibus
636 921 787 986 adiunxit
809 923 909 1003 inde,
940 935 976 987 ut
1007 923 1169 990 indicaret

75 1023 78 1038 ·
114 1028 187 1076 tem
204 1029 246 1071 ex
264 1008 450 1072 alienatam
467 1009 527 1072 'eut
542 1019 789 1094 consequutom.
897 1035 902 1046 ·
1051 1008 1057 1018 ’

70 1127 78 1134 “
170 1135 173 1142 ’
216 1127 277 1181 Lie.
293 1126 326 1191 6,
341 1126 391 1191 46,
407 1127 433 1183 l.
458 1129 581 1180 adoereae
599 1135 654 1181 tam
671 1130 828 1182 oietinotaon
849 1129 991 1181 orationem
1008 1127 1169 1183 toii'anoonm

181 1207 339 1282 qnam'poae
353 1212 517 1282 indignitate
529 1229 617 1274 reram
636 1215 725 1282 etap'or
739 1207 920 1281 eileietinque
934 1213 994 1264 inde
1010 1220 1105 1265 eeteroe
1117 1234 1165 1283 pa·

182 1304 252 1366 trpm
275 1298 402 1364 definieeet
419 1289 471 1350 ete'.
506 1294 532 1360 3,
554 1293 606 1360 41,
623 1294 648 1348 6.
665 1298 754 1364 primo·
772 1305 862 1366 etapor
882 1314 966 1350 omnes
990 1299 1169 1350 admiratione

179 1383 218 1434 oei
243 1382 415 1434 iammtroeie
437 1381 540 1449 definit:
568 1381 699 1432 eiiaetinm
723 1381 785 1433 inde
806 1382 969 1450 aliquamdiu
989 1385 1081 1436 tenuit.
1116 1383 1165 1436 ubi

177 1464 286 1519 etiamsi
301 1464 417 1532 accipias
433 1481 482 1532 pro
496 1473 570 1530 tom,
587 1471 680 1518 tamen
696 1465 919 1532 consequentiam
934 1483 1074 1535 agnomen.

144 1653 147 1658 ·
186 1617 246 1702 ¹1‘5.
269 1618 381 1698 Quum
396 1617 475 1682 dinc
490 1627 522 1683 et
538 1617 635 1683 illinc
651 1639 693 1683 ex
704 1618 842 1686 adverso
857 1620 937 1706 poni
955 1631 1054 1708 atque
1066 1623 1165 1687 etiam

110 1707 287 1770 derorum
321 1705 504 1790 praesentia
535 1705 602 1769 sive
636 1705 801 1770 derebus
834 1708 1069 1790 apparentibus
1104 1730 1165 1794 pro

108 1793 167 1856 liic
180 1828 223 1840 -
237 1790 310 1854 illia
325 1790 413 1869 (vide
428 1814 461 1877 p.
478 1793 547 1878 88.)
564 1790 629 1853 dici
645 1790 905 1868 solerenaidem
924 1793 1021 1856 etiam
1040 1792 1166 1858 factum

108 1889 159 1942 est
181 1873 213 1941 iu
239 1877 337 1954 inde,
361 1875 452 1960 quod
475 1897 545 1939 uon
570 1886 701 1938 tontum
728 1877 768 1940 de
792 1886 907 1952 motu,
933 1877 990 1940 sed
1015 1877 1061 1941 de
1080 1889 1164 1942 statu

107 1965 207 2029 etiam
226 1983 338 2026 rerum
358 1971 552 2048 usurpetur,
575 1971 683 2024 tamen
702 1983 770 2023 uon
788 1961 924 2046 antiquo
944 1985 1048 2027 more.
1078 1965 1165 2028 Nam

136 2051 168 2113 ui
193 2049 239 2112 sio
264 2048 393 2132 loquuti
417 2056 511 2121 sunt,
540 2069 607 2109 uon
635 2046 800 2129 attingunt
830 2057 983 2133 tempora
1015 2051 1164 2137 Augusti.
1252 2051 1259 2068 ‘

107 2073 340 2199 isaurotzen.
357 2130 397 2195 ad
414 2132 524 2198 Aurel.
542 2134 627 2198 Viet.
644 2131 684 2196 de
700 2132 787 2196 Viris
804 2131 922 2197 illustr.
938 2139 970 2213 2,
987 2138 1018 2197 9.

213 2254 286 2308 Plio.
304 2253 376 2308 nist.
397 2271 424 2305 n.
436 2252 463 2318 2,
477 2251 520 2317 66,
536 2250 578 2306 61.
597 2253 633 2304 eia
650 2253 738 2304 moria
752 2253 911 2321 eireamsaea
923 2237 1040 2322 undique
1057 2255 1165 2310 dividuo

176 2333 262 2413 gaido
272 2348 374 2410 partem
397 2340 463 2392 oriie
484 2341 609 2408 auferant
627 2338 717 2422 noiiee
739 2354 787 2390 aee
808 2339 868 2392 inde
885 2339 952 2406 aaa,
978 2357 1025 2392 neo
1042 2340 1104 2416 ieine
1120 2343 1165 2395 illo

101 2433 112 2488 ’,
175 2427 263 2499 peroio
276 2431 375 2498 tracta.
570 2427 580 2434 '

213 2528 335 2581 Martini.
352 2523 496 2591 3,58,19.
517 2523 599 2594 gemit
612 2525 670 2578 dine
686 2523 833 2592 palumbae,
850 2525 1003 2600 indecepeae
1013 2532 1109 2580 tortor.
1136 2525 1162 2593 9,

175 2613 220 2679 55,
232 2611 257 2666 9.
275 2614 478 2665 indeealototoe
496 2613 572 2680 picae
592 2610 729 2680 oeepondet
749 2616 856 2661 arator:
880 2610 942 2660 uino
961 2627 1041 2679 prope
1061 2607 1164 2663 namma

176 2717 261 2770 rapae
276 2699 368 2750 milone
378 2698 405 2749 in
419 2704 492 2748 oeteo
506 2697 582 2748 volat.
607 2693 699 2758 Tacit.
709 2692 776 2744 Aua.
785 2691 828 2757 12,
841 2691 884 2745 28.
905 2695 948 2746 iiii
957 2703 1036 2761 meta,
1057 2698 1165 2749 neieina

177 2787 323 2847 Romanae,
349 2783 406 2834 inda
431 2781 554 2834 Cierneei
577 2808 611 2821 ·-
634 2779 919 2853 oireomgeederentnr‚
938 2780 1042 2850 legatae
1063 2784 1092 2835 in
1114 2802 1164 2836 nr·

81 2850 101 2899 's
171 2847 232 2924 oin
246 2876 272 2922 et
289 2867 385 2920 oieidee
403 2867 501 2918 misere.
547 2875 556 2892 ·
1069 2881 1073 2887 ·

210 2970 300 3024 Tacit·
326 2970 395 3024 Anu.
417 2969 451 3034 2,
473 2965 516 3019 81).
547 2967 606 3019 ieino
636 2959 766 3030 militam,
796 2966 859 3019 inde
883 2966 997 3018 iocorum
1027 2968 1163 3036 asperitae.

176 3059 251 3113 nia.
266 3055 293 3120 l,
308 3052 352 3106 84.
370 3055 407 3107 eie
414 3056 466 3120 fit,
484 3060 514 3104 ot
529 3052 590 3103 hino
607 3067 647 3103 ree
668 3051 790 3119 publica,
808 3051 868 3102 inde
885 3050 966 3101 iustae
986 3051 1025 3102 oei
1045 3053 1164 3119 publicae

175 3143 344 3199 aonetiterint.
379 3138 448 3201 Anu.
464 3136 490 3200 6,
508 3134 552 3189 64.
571 3133 672 3200 15,11.
691 3133 733 3198 15,
746 3132 790 3188 42.
812 3134 884 3186 Hiet.
900 3133 926 3197 2,
939 3132 984 3186 78.
1004 3135 1120 3202 Quintil.
1135 3135 1161 3202 5,

175 3226 261 3296 ’1,83.
279 3241 355 3294 eaepe
368 3223 433 3279 inter
440 3239 475 3273 ee
491 3222 578 3273 collidi
591 3223 673 3273 uolent
693 3221 756 3273 inde
773 3221 891 3284 metatio,
909 3219 967 3282 diue
981 3227 1074 3285 tautae,
1094 3224 1163 3274 laone

174 3314 312 3380 utrimque.
346 3306 414 3358 Vide
430 3305 571 3374 Spalding.
588 3305 621 3357 ed
639 3304 673 3369 5,
692 3305 743 3369 la,
758 3305 784 3357 2.
804 3304 897 3358 Aurei.
914 3302 983 3355 vict.
1001 3303 1034 3355 de
1052 3303 1108 3358 Vir.
1125 3305 1162 3356 il-

174 3399 254 3451 luetr.
269 3393 296 3460 2,
310 3394 336 3446 9.
353 3399 413 3444 tuno
432 3397 527 3458 raptae
541 3391 569 3441 in
589 3391 703 3443 medinm
716 3396 911 3459 processeram,
932 3395 956 3442 et
978 3389 1040 3442 iiino
1060 3397 1160 3460 patrae,

174 3483 237 3536 inde
250 3480 373 3548 coniagee
389 3477 541 3546 depredatae
553 3477 646 3545 paoem
661 3475 839 3528 oonoiie'oront.
1077 3485 1088 3492 ·

193 3637 244 3700 16.
266 3599 396 3696 Eodein
417 3629 520 3694 modo
545 3628 656 3692 dicuni
676 3627 759 3709 laiac
781 3624 934 3707 atinde,
955 3625 1036 3690 leina
1060 3597 1180 3712 atqui¹

107 3720 207 3809 iada,
233 3739 299 3805 quo
316 3729 441 3808 veteres
455 3715 535 3779 hinc
552 3727 585 3780 et
602 3713 707 3778 illine.
803 3779 807 3788 ,

199 3837 329 3894 'Martini
345 3833 439 3902 1,118‚
455 3834 498 3886 11.
516 3837 616 3905 eoriplie
633 3835 748 3904 poetiioe
762 3833 823 3886 ieieeo
837 3839 862 3885 et
877 3832 936 3885 inde
956 3831 1025 3883 iotie.
1046 3829 1073 3894 2,
1081 3827 1159 3896 am.

175 3924 300 3992 quidquid
318 3923 422 3992 ponitur
443 3922 538 3974 dinoot
560 3921 635 3984 inde,
653 3919 744 3972 verrio.
778 3919 889 3970 Peteon.
912 3915 941 3968 iu
963 3909 1158 3986 Authologsii,

174 4008 203 4072 1,
218 4007 244 4060 6.
265 4015 334 4060 moto
349 4008 411 4060 leoie
426 4008 484 4058 hino
501 4013 525 4060 et
539 4007 601 4069 iude
618 4012 695 4056 vento
709 4005 772 4056 ioot.
808 4002 919 4056 Sueten.
945 4001 1024 4054 (ἔασε.
1046 3999 1089 4054 89.
1109 4002 1158 4053 tri-

174 4094 245 4150 eeuie
259 4092 384 4162 epaitibae
400 4093 459 4144 dioto
474 4100 497 4144 et
511 4091 571 4150 inde
585 4089 735 4142 eommieeie.
768 4088 838 4156 Aug.
860 4083 903 4138 96.
930 4085 1021 4153 aquilo
1041 4115 1075 4124 -
1095 4086 1158 4138 daoe

112 4195 120 4210 ·
171 4193 258 4238 eaaoe
280 4177 341 4238 idae
363 4185 389 4233 et
408 4177 467 4232 inde
487 4177 635 4245 infatuata
658 4173 781 4266 6111ιέ1,λ
793 4168 869 4259 Ῥῶ.
892 4170 961 4246 Ppu.
974 4169 1018 4236 22,
1034 4167 1156 4252 inda·
