<?xml version="1.0" encoding="UTF-8"?>
<!DOCTYPE html PUBLIC "-//W3C//DTD XHTML 1.0 Transitional//EN"
    "http://www.w3.org/TR/xhtml1/DTD/xhtml1-transitional.dtd">
<html xmlns="http://www.w3.org/1999/xhtml" xml:lang="en" lang="en">
 <head>
  <title>
</title>
<meta http-equiv="Content-Type" content="text/html;charset=utf-8" />
  <meta name='ocr-system' content='tesseract 3.04.00' />
  <meta name='ocr-capabilities' content='ocr_page ocr_carea ocr_par ocr_line ocrx_word'/>
</head>
<body>
  <div class='ocr_page' id='page_1' title='image "./ferdinandihandi03handgoog_0577.png"; bbox 0 0 2810 4726; ppageno 0'>
   <div class='ocr_carea' id='block_1_1' title="bbox 270 331 861 456">
    <p class='ocr_par' dir='ltr' id='par_1_1' title="bbox 270 331 861 456">
     <span class='ocr_line' id='line_1_1' title="bbox 270 331 861 456; baseline -0.003 -28"><span class='ocrx_word' id='word_1_1' title='bbox 270 363 337 456; x_wconf 79' lang='lat' dir='ltr'><strong>err.</strong></span> <span class='ocrx_word' id='word_1_2' title='bbox 504 331 510 347; x_wconf 84' lang='lat'>&#39;</span> <span class='ocrx_word' id='word_1_3' title='bbox 714 358 861 428; x_wconf 72' lang='lat' dir='ltr'><strong>necte.</strong></span> 
     </span>
    </p>
   </div>
   <div class='ocr_carea' id='block_1_2' title="bbox 264 503 1318 950">
    <p class='ocr_par' dir='ltr' id='par_1_2' title="bbox 264 503 1318 950">
     <span class='ocr_line' id='line_1_2' title="bbox 264 503 1318 585; baseline -0.002 -15"><span class='ocrx_word' id='word_1_4' title='bbox 264 505 266 512; x_wconf 46' lang='lat'><strong>⁴</strong></span> <span class='ocrx_word' id='word_1_5' title='bbox 331 503 1223 585; x_wconf 66' lang='lat' dir='ltr'><strong>vliariterterriietruetarripisrpuoumraieueie&#39;arirruuuiruufuii.</strong></span> <span class='ocrx_word' id='word_1_6' title='bbox 1257 513 1318 568; x_wconf 81' lang='lat' dir='ltr'><strong>Non</strong></span> 
     </span>
     <span class='ocr_line' id='line_1_3' title="bbox 283 595 1253 683; baseline 0 -31"><span class='ocrx_word' id='word_1_7' title='bbox 283 623 287 631; x_wconf 56' lang='grc'><strong><em>&gt;</em></strong></span> <span class='ocrx_word' id='word_1_8' title='bbox 340 598 376 652; x_wconf 83' lang='lat' dir='ltr'><strong>ud</strong></span> <span class='ocrx_word' id='word_1_9' title='bbox 389 598 495 652; x_wconf 80' lang='lat' dir='ltr'><strong>territtu</strong></span> <span class='ocrx_word' id='word_1_10' title='bbox 506 595 678 663; x_wconf 67' lang='lat' dir='ltr'><strong>resideamus</strong></span> <span class='ocrx_word' id='word_1_11' title='bbox 692 599 791 669; x_wconf 78' lang='lat' dir='ltr'><strong>magis.</strong></span> <span class='ocrx_word' id='word_1_12' title='bbox 1081 601 1086 606; x_wconf 76' lang='grc'><strong>“</strong></span> <span class='ocrx_word' id='word_1_13' title='bbox 1248 676 1253 683; x_wconf 79' lang='lat'><strong>.</strong></span> 
     </span>
     <span class='ocr_line' id='line_1_4' title="bbox 372 695 1318 778; baseline 0 -26"><span class='ocrx_word' id='word_1_14' title='bbox 372 699 434 754; x_wconf 76' lang='lat' dir='ltr'><strong>Iris.</strong></span> <span class='ocrx_word' id='word_1_15' title='bbox 449 695 494 762; x_wconf 70' lang='lat'><strong>³4,</strong></span> <span class='ocrx_word' id='word_1_16' title='bbox 509 697 575 763; x_wconf 78' lang='lat'><strong>4‚8.</strong></span> <span class='ocrx_word' id='word_1_17' title='bbox 592 699 655 754; x_wconf 83' lang='lat' dir='ltr'><strong>ltuec</strong></span> <span class='ocrx_word' id='word_1_18' title='bbox 673 719 722 772; x_wconf 85' lang='lat' dir='ltr'><strong>ego</strong></span> <span class='ocrx_word' id='word_1_19' title='bbox 736 720 785 778; x_wconf 71' lang='lat' dir='ltr'><strong>poc</strong></span> <span class='ocrx_word' id='word_1_20' title='bbox 798 700 888 756; x_wconf 79' lang='lat' dir='ltr'><strong>melior</strong></span> <span class='ocrx_word' id='word_1_21' title='bbox 900 699 1036 768; x_wconf 74' lang='lat' dir='ltr'><strong><em>laetiorque</em></strong></span> <span class='ocrx_word' id='word_1_22' title='bbox 1051 699 1081 751; x_wconf 83' lang='lat' dir='ltr'><strong>iu</strong></span> <span class='ocrx_word' id='word_1_23' title='bbox 1095 701 1267 770; x_wconf 70' lang='lat' dir='ltr'><strong>diusctiuuu</strong></span> <span class='ocrx_word' id='word_1_24' title='bbox 1279 699 1318 752; x_wconf 83' lang='lat' dir='ltr'><strong>rei</strong></span> 
     </span>
     <span class='ocr_line' id='line_1_5' title="bbox 311 783 1316 855; baseline 0 -19"><span class='ocrx_word' id='word_1_25' title='bbox 311 845 312 849; x_wconf 10' lang='grc' dir='ltr'><strong>Ἰ</strong></span> <span class='ocrx_word' id='word_1_26' title='bbox 336 785 456 855; x_wconf 76' lang='lat' dir='ltr'><strong>publicae</strong></span> <span class='ocrx_word' id='word_1_27' title='bbox 479 790 517 836; x_wconf 88' lang='lat' dir='ltr'><strong>est</strong></span> <span class='ocrx_word' id='word_1_28' title='bbox 537 785 721 855; x_wconf 72' lang='lat' dir='ltr'><strong><em>imperiumque</em></strong></span> <span class='ocrx_word' id='word_1_29' title='bbox 742 787 829 840; x_wconf 81' lang='lat' dir='ltr'><strong>crescit</strong></span> <span class='ocrx_word' id='word_1_30' title='bbox 853 811 889 826; x_wconf 92' lang='lat'><em>-</em></span> <span class='ocrx_word' id='word_1_31' title='bbox 911 799 941 838; x_wconf 85' lang='lat' dir='ltr'><strong>eo</strong></span> <span class='ocrx_word' id='word_1_32' title='bbox 962 784 1024 852; x_wconf 80' lang='lat' dir='ltr'><strong>plue</strong></span> <span class='ocrx_word' id='word_1_33' title='bbox 1041 783 1143 839; x_wconf 64' lang='lat' dir='ltr'><strong>luteo.</strong></span> <span class='ocrx_word' id='word_1_34' title='bbox 1160 783 1210 837; x_wconf 73' lang='lat' dir='ltr'><strong>ulei</strong></span> <span class='ocrx_word' id='word_1_35' title='bbox 1227 783 1316 838; x_wconf 86' lang='lat' dir='ltr'><strong>critici</strong></span> 
     </span>
     <span class='ocr_line' id='line_1_6' title="bbox 338 865 1048 950; baseline 0 -29"><span class='ocrx_word' id='word_1_36' title='bbox 338 866 406 922; x_wconf 88' lang='lat' dir='ltr'><strong>olim</strong></span> <span class='ocrx_word' id='word_1_37' title='bbox 418 865 584 950; x_wconf 77' lang='lat' dir='ltr'><strong>scripserunt</strong></span> <span class='ocrx_word' id='word_1_38' title='bbox 596 887 644 938; x_wconf 72' lang='lat' dir='ltr'><strong>quo</strong></span> <span class='ocrx_word' id='word_1_39' title='bbox 657 872 746 941; x_wconf 80' lang='lat' dir='ltr'><strong>sangis</strong></span> <span class='ocrx_word' id='word_1_40' title='bbox 759 871 894 942; x_wconf 81' lang='lat' dir='ltr'><strong>imperium</strong></span> <span class='ocrx_word' id='word_1_41' title='bbox 907 869 1007 922; x_wconf 85' lang='lat' dir='ltr'><strong>erescit.</strong></span> <span class='ocrx_word' id='word_1_42' title='bbox 1047 867 1048 872; x_wconf 73' lang='grc'>’</span> 
     </span>
    </p>
   </div>
   <div class='ocr_carea' id='block_1_3' title="bbox 172 999 1315 1518">
    <p class='ocr_par' dir='ltr' id='par_1_3' title="bbox 172 999 1315 1518">
     <span class='ocr_line' id='line_1_7' title="bbox 353 999 1315 1090; baseline -0.005 -22"><span class='ocrx_word' id='word_1_43' title='bbox 353 1007 407 1068; x_wconf 79' lang='grc'><strong>80.</strong></span> <span class='ocrx_word' id='word_1_44' title='bbox 422 1003 498 1068; x_wconf 88' lang='lat' dir='ltr'><strong>Non</strong></span> <span class='ocrx_word' id='word_1_45' title='bbox 515 1002 653 1068; x_wconf 83' lang='lat' dir='ltr'><strong>meliora</strong></span> <span class='ocrx_word' id='word_1_46' title='bbox 663 1015 749 1083; x_wconf 87' lang='lat' dir='ltr'><strong>sunt,</strong></span> <span class='ocrx_word' id='word_1_47' title='bbox 768 1024 851 1090; x_wconf 91' lang='lat' dir='ltr'><strong>quae</strong></span> <span class='ocrx_word' id='word_1_48' title='bbox 861 1001 901 1067; x_wconf 89' lang='lat' dir='ltr'><strong>de</strong></span> <span class='ocrx_word' id='word_1_49' title='bbox 915 1002 1109 1088; x_wconf 90' lang='lat' dir='ltr'><strong>pleonasmo</strong></span> <span class='ocrx_word' id='word_1_50' title='bbox 1124 999 1315 1072; x_wconf 84' lang='lat' dir='ltr'><strong>traduntur.</strong></span> 
     </span>
     <span class='ocr_line' id='line_1_8' title="bbox 172 1085 1312 1176; baseline -0.009 -19"><span class='ocrx_word' id='word_1_51' title='bbox 172 1143 176 1150; x_wconf 91' lang='lat'><strong>.</strong></span> <span class='ocrx_word' id='word_1_52' title='bbox 271 1089 486 1164; x_wconf 74' lang='lat' dir='ltr'><strong>Grammatici</strong></span> <span class='ocrx_word' id='word_1_53' title='bbox 497 1089 589 1154; x_wconf 76' lang='lat' dir='ltr'><strong>&#39;enim</strong></span> <span class='ocrx_word' id='word_1_54' title='bbox 608 1111 677 1156; x_wconf 89' lang='lat' dir='ltr'><strong>non</strong></span> <span class='ocrx_word' id='word_1_55' title='bbox 698 1089 794 1176; x_wconf 83' lang='lat' dir='ltr'><strong>pauci</strong></span> <span class='ocrx_word' id='word_1_56' title='bbox 807 1089 1048 1160; x_wconf 69' lang='lat' dir='ltr'>demonstrasse</span> <span class='ocrx_word' id='word_1_57' title='bbox 1062 1085 1133 1160; x_wconf 66' lang='lat' dir='ltr'><strong>eibi,</strong></span> <span class='ocrx_word' id='word_1_58' title='bbox 1150 1086 1312 1160; x_wconf 78' lang='lat' dir='ltr'><strong>visisunt,</strong></span> 
     </span>
     <span class='ocr_line' id='line_1_9' title="bbox 268 1167 1313 1260; baseline -0.007 -19"><span class='ocrx_word' id='word_1_59' title='bbox 268 1176 415 1250; x_wconf 86' lang='lat' dir='ltr'><strong>Latinos,</strong></span> <span class='ocrx_word' id='word_1_60' title='bbox 431 1191 532 1260; x_wconf 85' lang='lat' dir='ltr'><strong>aeque</strong></span> <span class='ocrx_word' id='word_1_61' title='bbox 548 1184 645 1260; x_wconf 85' lang='lat' dir='ltr'><strong>atque</strong></span> <span class='ocrx_word' id='word_1_62' title='bbox 655 1167 936 1256; x_wconf 71' lang='lat' dir='ltr'><strong>Groec&#39;ospiilor,</strong></span> <span class='ocrx_word' id='word_1_63' title='bbox 959 1172 1056 1241; x_wconf 83' lang='lat' dir='ltr'><strong>etiam</strong></span> <span class='ocrx_word' id='word_1_64' title='bbox 1071 1171 1313 1258; x_wconf 81' lang='lat' dir='ltr'><strong>magis-eppo-</strong></span> 
     </span>
     <span class='ocr_line' id='line_1_10' title="bbox 250 1258 1313 1360; baseline -0.009 -32"><span class='ocrx_word' id='word_1_65' title='bbox 250 1261 372 1328; x_wconf 65' lang='lat' dir='ltr'><strong>suisse</strong></span> <span class='ocrx_word' id='word_1_66' title='bbox 398 1261 621 1360; x_wconf 81' lang='lat' dir='ltr'><strong>comparativo</strong></span> <span class='ocrx_word' id='word_1_67' title='bbox 648 1271 779 1346; x_wconf 85' lang='lat' dir='ltr'><strong>praeter</strong></span> <span class='ocrx_word' id='word_1_68' title='bbox 801 1259 1039 1328; x_wconf 85' lang='lat' dir='ltr'><strong>necessitatem.</strong></span> <span class='ocrx_word' id='word_1_69' title='bbox 1083 1258 1186 1337; x_wconf 81' lang='lat' dir='ltr'><strong>Vide,</strong></span> <span class='ocrx_word' id='word_1_70' title='bbox 1210 1258 1313 1320; x_wconf 87' lang='lat' dir='ltr'><strong>omis·</strong></span> 
     </span>
     <span class='ocr_line' id='line_1_11' title="bbox 269 1341 1313 1450; baseline -0.006 -40"><span class='ocrx_word' id='word_1_71' title='bbox 269 1345 313 1412; x_wconf 89' lang='lat' dir='ltr'><strong>sis</strong></span> <span class='ocrx_word' id='word_1_72' title='bbox 339 1346 396 1424; x_wconf 78' lang='lat' dir='ltr'><strong>iis,</strong></span> <span class='ocrx_word' id='word_1_73' title='bbox 425 1366 483 1432; x_wconf 83' lang='lat' dir='ltr'><strong>qur</strong></span> <span class='ocrx_word' id='word_1_74' title='bbox 510 1343 550 1410; x_wconf 93' lang='lat' dir='ltr'><strong>de</strong></span> <span class='ocrx_word' id='word_1_75' title='bbox 571 1365 704 1430; x_wconf 75' lang='lat' dir='ltr'><strong>graeco,</strong></span> <span class='ocrx_word' id='word_1_76' title='bbox 720 1365 780 1410; x_wconf 86' lang='lat' dir='ltr'><strong>usu</strong></span> <span class='ocrx_word' id='word_1_77' title='bbox 808 1345 1036 1450; x_wconf 88' lang='lat' dir='ltr'><strong>disputarunt,</strong></span> <span class='ocrx_word' id='word_1_78' title='bbox 1074 1341 1252 1413; x_wconf 82' lang='lat' dir='ltr'><strong>Schcttum</strong></span> <span class='ocrx_word' id='word_1_79' title='bbox 1282 1351 1313 1404; x_wconf 92' lang='lat' dir='ltr'><strong>et</strong></span> 
     </span>
     <span class='ocr_line' id='line_1_12' title="bbox 270 1425 1310 1518; baseline -0.006 -22"><span class='ocrx_word' id='word_1_80' title='bbox 270 1431 472 1518; x_wconf 84' lang='lat' dir='ltr'><strong>Scaligerum</strong></span> <span class='ocrx_word' id='word_1_81' title='bbox 494 1429 534 1494; x_wconf 85' lang='lat' dir='ltr'><strong>ad</strong></span> <span class='ocrx_word' id='word_1_82' title='bbox 561 1429 674 1515; x_wconf 83' lang='lat' dir='ltr'><strong>Virgil.</strong></span> <span class='ocrx_word' id='word_1_83' title='bbox 697 1430 769 1497; x_wconf 87' lang='lat' dir='ltr'><strong>Col.</strong></span> <span class='ocrx_word' id='word_1_84' title='bbox 790 1434 841 1496; x_wconf 81' lang='lat'><strong>78.</strong></span> <span class='ocrx_word' id='word_1_85' title='bbox 868 1429 1120 1498; x_wconf 72' lang='lat' dir='ltr'><strong>[submannum</strong></span> <span class='ocrx_word' id='word_1_86' title='bbox 1142 1427 1184 1490; x_wconf 87' lang='lat' dir='ltr'><strong>ad</strong></span> <span class='ocrx_word' id='word_1_87' title='bbox 1207 1425 1310 1493; x_wconf 84' lang='lat' dir='ltr'><strong>Plaut.</strong></span> 
     </span>
    </p>
   </div>
   <div class='ocr_carea' id='block_1_4' title="bbox 146 1512 1311 1600">
    <p class='ocr_par' dir='ltr' id='par_1_4' title="bbox 146 1512 1311 1600">
     <span class='ocr_line' id='line_1_13' title="bbox 146 1512 1311 1600; baseline -0.008 -16"><span class='ocrx_word' id='word_1_88' title='bbox 146 1539 149 1546; x_wconf 81' lang='grc'><strong>’</strong></span> <span class='ocrx_word' id='word_1_89' title='bbox 268 1515 361 1583; x_wconf 83' lang='lat' dir='ltr'><strong>Men.</strong></span> <span class='ocrx_word' id='word_1_90' title='bbox 385 1514 473 1580; x_wconf 89' lang='lat' dir='ltr'><strong>Prol.</strong></span> <span class='ocrx_word' id='word_1_91' title='bbox 488 1515 540 1580; x_wconf 79' lang='lat'><strong>55.</strong></span> <span class='ocrx_word' id='word_1_92' title='bbox 560 1515 718 1580; x_wconf 85' lang='lat' dir='ltr'><strong>Vossium</strong></span> <span class='ocrx_word' id='word_1_93' title='bbox 743 1514 794 1580; x_wconf 81' lang='lat' dir='ltr'><strong>de.</strong></span> <span class='ocrx_word' id='word_1_94' title='bbox 807 1516 994 1582; x_wconf 79' lang='lat' dir='ltr'><strong>Construct.</strong></span> <span class='ocrx_word' id='word_1_95' title='bbox 1015 1512 1207 1600; x_wconf 74' lang='lat' dir='ltr'><strong>16.,p.&#39;579.</strong></span> <span class='ocrx_word' id='word_1_96' title='bbox 1230 1512 1311 1576; x_wconf 85' lang='lat' dir='ltr'><strong>Ber·</strong></span> 
     </span>
    </p>
   </div>
   <div class='ocr_carea' id='block_1_5' title="bbox 266 1596 1312 1918">
    <p class='ocr_par' dir='ltr' id='par_1_5' title="bbox 266 1596 1312 1918">
     <span class='ocr_line' id='line_1_14' title="bbox 266 1596 1312 1680; baseline -0.009 -11"><span class='ocrx_word' id='word_1_97' title='bbox 266 1622 393 1668; x_wconf 80' lang='lat' dir='ltr'><strong>neccer.</strong></span> <span class='ocrx_word' id='word_1_98' title='bbox 409 1599 449 1664; x_wconf 89' lang='lat' dir='ltr'><strong>ad</strong></span> <span class='ocrx_word' id='word_1_99' title='bbox 467 1599 583 1663; x_wconf 79' lang='lat' dir='ltr'><strong>lustin.</strong></span> <span class='ocrx_word' id='word_1_100' title='bbox 601 1605 633 1677; x_wconf 82' lang='lat'><strong>3,</strong></span> <span class='ocrx_word' id='word_1_101' title='bbox 646 1605 679 1680; x_wconf 77' lang='lat'><strong>2,</strong></span> <span class='ocrx_word' id='word_1_102' title='bbox 695 1603 727 1663; x_wconf 86' lang='grc'><strong>7.</strong></span> <span class='ocrx_word' id='word_1_103' title='bbox 746 1609 778 1663; x_wconf 88' lang='lat' dir='ltr'><strong>ct</strong></span> <span class='ocrx_word' id='word_1_104' title='bbox 793 1597 996 1666; x_wconf 85' lang='lat' dir='ltr'><strong>Freinshem.</strong></span> <span class='ocrx_word' id='word_1_105' title='bbox 1016 1597 1052 1662; x_wconf 86' lang='lat' dir='ltr'><strong>in</strong></span> <span class='ocrx_word' id='word_1_106' title='bbox 1067 1596 1196 1676; x_wconf 88' lang='lat' dir='ltr'><strong>Indice,</strong></span> <span class='ocrx_word' id='word_1_107' title='bbox 1221 1597 1312 1660; x_wconf 85' lang='lat' dir='ltr'><strong>Geb-</strong></span> 
     </span>
     <span class='ocr_line' id='line_1_15' title="bbox 267 1681 1311 1764; baseline -0.004 -14"><span class='ocrx_word' id='word_1_108' title='bbox 267 1683 411 1752; x_wconf 80' lang='lat' dir='ltr'><strong>hardud</strong></span> <span class='ocrx_word' id='word_1_109' title='bbox 427 1685 493 1750; x_wconf 80' lang='lat' dir='ltr'><strong>tir.</strong></span> <span class='ocrx_word' id='word_1_110' title='bbox 505 1687 537 1764; x_wconf 81' lang='lat'><strong>5,</strong></span> <span class='ocrx_word' id='word_1_111' title='bbox 554 1689 645 1763; x_wconf 68' lang='lat' dir='ltr'><strong>tae.</strong></span> <span class='ocrx_word' id='word_1_112' title='bbox 669 1693 702 1749; x_wconf 81' lang='lat' dir='ltr'><strong>et</strong></span> <span class='ocrx_word' id='word_1_113' title='bbox 717 1685 758 1751; x_wconf 87' lang='lat' dir='ltr'><strong>od</strong></span> <span class='ocrx_word' id='word_1_114' title='bbox 774 1689 933 1764; x_wconf 77' lang='lat'><strong>21‚59,7..</strong></span> <span class='ocrx_word' id='word_1_115' title='bbox 953 1682 1122 1750; x_wconf 83' lang='lat' dir='ltr'><strong>Drakenb.</strong></span> <span class='ocrx_word' id='word_1_116' title='bbox 1140 1681 1181 1746; x_wconf 87' lang='lat' dir='ltr'><strong>ad</strong></span> <span class='ocrx_word' id='word_1_117' title='bbox 1196 1685 1271 1763; x_wconf 81' lang='grc'><strong>9,7,</strong></span> <span class='ocrx_word' id='word_1_118' title='bbox 1279 1683 1311 1748; x_wconf 84' lang='grc'><strong>5.</strong></span> 
     </span>
     <span class='ocr_line' id='line_1_16' title="bbox 266 1767 1310 1918; baseline -0.006 -80"><span class='ocrx_word' id='word_1_119' title='bbox 266 1771 429 1838; x_wconf 85' lang='lat' dir='ltr'><strong>Veclrneri</strong></span> <span class='ocrx_word' id='word_1_120' title='bbox 438 1769 638 1836; x_wconf 85' lang='lat' dir='ltr'><strong>Hellenolsx.</strong></span> <span class='ocrx_word' id='word_1_121' title='bbox 651 1767 1310 1918; x_wconf 76' lang='lat' dir='ltr'><strong>ibiquefleusioger.p167.Riinemenn.</strong></span> 
     </span>
    </p>
   </div>
   <div class='ocr_carea' id='block_1_6' title="bbox 170 1852 1311 1940">
    <p class='ocr_par' dir='ltr' id='par_1_6' title="bbox 170 1852 1311 1940">
     <span class='ocr_line' id='line_1_17' title="bbox 170 1852 1311 1940; baseline -0.004 -18"><span class='ocrx_word' id='word_1_122' title='bbox 170 1869 174 1882; x_wconf 94' lang='lat'>&#39;</span> <span class='ocrx_word' id='word_1_123' title='bbox 267 1857 309 1922; x_wconf 89' lang='lat' dir='ltr'><strong>ud</strong></span> <span class='ocrx_word' id='word_1_124' title='bbox 323 1859 471 1922; x_wconf 89' lang='lat' dir='ltr'><strong>Luctant.</strong></span> <span class='ocrx_word' id='word_1_125' title='bbox 486 1855 525 1920; x_wconf 91' lang='lat' dir='ltr'><strong>de</strong></span> <span class='ocrx_word' id='word_1_126' title='bbox 535 1852 625 1940; x_wconf 84' lang='lat' dir='ltr'><strong>Opil.</strong></span> <span class='ocrx_word' id='word_1_127' title='bbox 643 1856 704 1920; x_wconf 93' lang='lat' dir='ltr'><strong>Dei</strong></span> <span class='ocrx_word' id='word_1_128' title='bbox 723 1861 773 1936; x_wconf 77' lang='lat'><strong>18,</strong></span> <span class='ocrx_word' id='word_1_129' title='bbox 792 1859 824 1920; x_wconf 84' lang='grc'><strong>7.</strong></span> <span class='ocrx_word' id='word_1_130' title='bbox 848 1855 966 1920; x_wconf 89' lang='lat' dir='ltr'><strong>Ooden</strong></span> <span class='ocrx_word' id='word_1_131' title='bbox 989 1854 1053 1920; x_wconf 84' lang='lat' dir='ltr'><strong>.ad</strong></span> <span class='ocrx_word' id='word_1_132' title='bbox 1064 1853 1311 1939; x_wconf 74' lang='lat' dir='ltr'><strong>Suetonvesp.</strong></span> 
     </span>
    </p>
   </div>
   <div class='ocr_carea' id='block_1_7' title="bbox 263 1937 1313 2372">
    <p class='ocr_par' dir='ltr' id='par_1_7' title="bbox 263 1937 1313 2372">
     <span class='ocr_line' id='line_1_18' title="bbox 267 1937 1312 2028; baseline -0.005 -19"><span class='ocrx_word' id='word_1_133' title='bbox 267 1947 319 2009; x_wconf 83' lang='lat'><strong>19.</strong></span> <span class='ocrx_word' id='word_1_134' title='bbox 340 1944 495 2019; x_wconf 76' lang='lat' dir='ltr'><strong>Arntzen.</strong></span> <span class='ocrx_word' id='word_1_135' title='bbox 510 1940 958 2028; x_wconf 80' lang='lat' dir='ltr'><strong>adCeton.Disticlrnp.819.</strong></span> <span class='ocrx_word' id='word_1_136' title='bbox 981 1938 1158 2005; x_wconf 84' lang='lat' dir='ltr'><strong>Mencken.</strong></span> <span class='ocrx_word' id='word_1_137' title='bbox 1169 1937 1312 2004; x_wconf 84' lang='lat' dir='ltr'><strong>Obserr.</strong></span> 
     </span>
     <span class='ocr_line' id='line_1_19' title="bbox 292 2023 1312 2110; baseline -0.004 -18"><span class='ocrx_word' id='word_1_138' title='bbox 292 2029 381 2094; x_wconf 81' lang='lat'><strong>.697.</strong></span> <span class='ocrx_word' id='word_1_139' title='bbox 401 2026 583 2092; x_wconf 85' lang='lat' dir='ltr'><strong>Ruhnken.-</strong></span> <span class='ocrx_word' id='word_1_140' title='bbox 601 2026 641 2091; x_wconf 86' lang='lat' dir='ltr'><strong>ad</strong></span> <span class='ocrx_word' id='word_1_141' title='bbox 649 2026 726 2091; x_wconf 90' lang='lat' dir='ltr'><strong>Ter.</strong></span> <span class='ocrx_word' id='word_1_142' title='bbox 735 2029 813 2092; x_wconf 87' lang='lat' dir='ltr'><strong>Hec.</strong></span> <span class='ocrx_word' id='word_1_143' title='bbox 821 2027 853 2107; x_wconf 81' lang='lat'><strong>5,</strong></span> <span class='ocrx_word' id='word_1_144' title='bbox 866 2031 958 2106; x_wconf 60' lang='lat' dir='ltr'><strong>tna.</strong></span> <span class='ocrx_word' id='word_1_145' title='bbox 980 2023 1312 2110; x_wconf 83' lang='lat' dir='ltr'><strong>Atntriquelinguac</strong></span> 
     </span>
     <span class='ocr_line' id='line_1_20' title="bbox 314 2095 1313 2197; baseline -0.005 -20"><span class='ocrx_word' id='word_1_146' title='bbox 314 2114 422 2192; x_wconf 79' lang='lat' dir='ltr'><strong>ccum</strong></span> <span class='ocrx_word' id='word_1_147' title='bbox 441 2113 511 2178; x_wconf 87' lang='lat' dir='ltr'><strong>aliie</strong></span> <span class='ocrx_word' id='word_1_148' title='bbox 526 2133 706 2187; x_wconf 73' lang='lat' dir='ltr'><strong>commune</strong></span> <span class='ocrx_word' id='word_1_149' title='bbox 731 2122 798 2193; x_wconf 88' lang='lat' dir='ltr'><strong>est,</strong></span> <span class='ocrx_word' id='word_1_150' title='bbox 816 2122 853 2176; x_wconf 84' lang='lat' dir='ltr'><strong>ut</strong></span> <span class='ocrx_word' id='word_1_151' title='bbox 869 2095 1030 2197; x_wconf 85' lang='lat' dir='ltr'><strong>particula</strong></span> <span class='ocrx_word' id='word_1_152' title='bbox 1051 2107 1175 2174; x_wconf 89' lang='lat' dir='ltr'><strong>adiecta</strong></span> <span class='ocrx_word' id='word_1_153' title='bbox 1191 2110 1313 2194; x_wconf 84' lang='lat' dir='ltr'><strong>expri-</strong></span> 
     </span>
     <span class='ocr_line' id='line_1_21' title="bbox 264 2193 1313 2286; baseline -0.005 -22"><span class='ocrx_word' id='word_1_154' title='bbox 264 2209 376 2264; x_wconf 84' lang='lat' dir='ltr'><strong>matur</strong></span> <span class='ocrx_word' id='word_1_155' title='bbox 391 2197 509 2286; x_wconf 86' lang='lat' dir='ltr'><strong>gradus</strong></span> <span class='ocrx_word' id='word_1_156' title='bbox 524 2197 630 2261; x_wconf 87' lang='lat' dir='ltr'><strong>multo</strong></span> <span class='ocrx_word' id='word_1_157' title='bbox 646 2198 808 2286; x_wconf 80' lang='lat' dir='ltr'><strong>superior.</strong></span> <span class='ocrx_word' id='word_1_158' title='bbox 851 2195 1007 2261; x_wconf 77' lang='lat' dir='ltr'><strong>Germani</strong></span> <span class='ocrx_word' id='word_1_159' title='bbox 1021 2193 1135 2260; x_wconf 88' lang='lat' dir='ltr'><strong>dieunt</strong></span> <span class='ocrx_word' id='word_1_160' title='bbox 1155 2193 1313 2260; x_wconf 77' lang='lat' dir='ltr'><strong>bei-erei-</strong></span> 
     </span>
     <span class='ocr_line' id='line_1_22' title="bbox 263 2279 1311 2372; baseline -0.006 -22"><span class='ocrx_word' id='word_1_161' title='bbox 263 2280 499 2372; x_wconf 72' lang='lat' dir='ltr'><strong>eemgrosser,</strong></span> <span class='ocrx_word' id='word_1_162' title='bbox 521 2281 684 2369; x_wconf 87' lang='lat' dir='ltr'><strong>quod:est</strong></span> <span class='ocrx_word' id='word_1_163' title='bbox 706 2283 855 2348; x_wconf 54' lang='lat' dir='ltr'><strong>latinum*</strong></span> <span class='ocrx_word' id='word_1_164' title='bbox 869 2283 982 2346; x_wconf 79' lang='lat' dir='ltr'><strong>madro</strong></span> <span class='ocrx_word' id='word_1_165' title='bbox 998 2281 1122 2345; x_wconf 89' lang='lat' dir='ltr'><strong>maior.</strong></span> <span class='ocrx_word' id='word_1_166' title='bbox 1165 2279 1204 2342; x_wconf 95' lang='lat' dir='ltr'><strong>ld</strong></span> <span class='ocrx_word' id='word_1_167' title='bbox 1230 2300 1311 2344; x_wconf 85' lang='lat' dir='ltr'><strong>vero</strong></span> 
     </span>
    </p>
   </div>
   <div class='ocr_carea' id='block_1_8' title="bbox 116 2365 1312 3032">
    <p class='ocr_par' dir='ltr' id='par_1_8' title="bbox 116 2365 1312 3032">
     <span class='ocr_line' id='line_1_23' title="bbox 167 2365 1312 2455; baseline -0.003 -21"><span class='ocrx_word' id='word_1_168' title='bbox 167 2373 170 2383; x_wconf 88' lang='lat'>&#39;</span> <span class='ocrx_word' id='word_1_169' title='bbox 264 2371 366 2434; x_wconf 82' lang='lat' dir='ltr'><strong>etiam</strong></span> <span class='ocrx_word' id='word_1_170' title='bbox 388 2369 524 2455; x_wconf 89' lang='lat' dir='ltr'><strong>antiquo</strong></span> <span class='ocrx_word' id='word_1_171' title='bbox 549 2387 611 2432; x_wconf 88' lang='lat' dir='ltr'><strong>usu</strong></span> <span class='ocrx_word' id='word_1_172' title='bbox 634 2368 812 2455; x_wconf 77' lang='lat' dir='ltr'><strong>particulae</strong></span> <span class='ocrx_word' id='word_1_173' title='bbox 840 2367 957 2455; x_wconf 77' lang='lat' dir='ltr'><strong>magis</strong></span> <span class='ocrx_word' id='word_1_174' title='bbox 990 2375 1121 2453; x_wconf 87' lang='lat' dir='ltr'><strong>poterat</strong></span> <span class='ocrx_word' id='word_1_175' title='bbox 1153 2365 1312 2452; x_wconf 86' lang='lat' dir='ltr'><strong>exprimi.</strong></span> 
     </span>
     <span class='ocr_line' id='line_1_24' title="bbox 265 2449 1310 2542; baseline -0.005 -22"><span class='ocrx_word' id='word_1_176' title='bbox 265 2455 396 2520; x_wconf 84' lang='lat' dir='ltr'><strong>Comici</strong></span> <span class='ocrx_word' id='word_1_177' title='bbox 416 2455 533 2542; x_wconf 87' lang='lat' dir='ltr'><strong>igitur,</strong></span> <span class='ocrx_word' id='word_1_178' title='bbox 558 2454 719 2533; x_wconf 85' lang='lat' dir='ltr'><strong>Graecos,</strong></span> <span class='ocrx_word' id='word_1_179' title='bbox 734 2465 778 2517; x_wconf 63' lang='lat' dir='ltr'><strong>*ut</strong></span> <span class='ocrx_word' id='word_1_180' title='bbox 793 2451 938 2531; x_wconf 84' lang='lat' dir='ltr'><strong>videtur,</strong></span> <span class='ocrx_word' id='word_1_181' title='bbox 961 2452 1097 2531; x_wconf 85' lang='lat' dir='ltr'><strong>imitati,</strong></span> <span class='ocrx_word' id='word_1_182' title='bbox 1111 2449 1176 2514; x_wconf 88' lang='lat' dir='ltr'><strong>hoc</strong></span> <span class='ocrx_word' id='word_1_183' title='bbox 1202 2452 1310 2517; x_wconf 86' lang='lat' dir='ltr'><strong>modo</strong></span> 
     </span>
     <span class='ocr_line' id='line_1_25' title="bbox 263 2533 1312 2626; baseline -0.005 -22"><span class='ocrx_word' id='word_1_184' title='bbox 263 2539 395 2626; x_wconf 82' lang='lat' dir='ltr'><strong>loquuti</strong></span> <span class='ocrx_word' id='word_1_185' title='bbox 419 2550 514 2620; x_wconf 87' lang='lat' dir='ltr'><strong>sunt,</strong></span> <span class='ocrx_word' id='word_1_186' title='bbox 541 2549 640 2625; x_wconf 84' lang='lat' dir='ltr'><strong>atque</strong></span> <span class='ocrx_word' id='word_1_187' title='bbox 669 2559 755 2604; x_wconf 84' lang='lat' dir='ltr'><strong>nora</strong></span> <span class='ocrx_word' id='word_1_188' title='bbox 778 2533 968 2604; x_wconf 76' lang='lat' dir='ltr'><strong>imitatione¹</strong></span> <span class='ocrx_word' id='word_1_189' title='bbox 984 2535 1200 2600; x_wconf 81' lang='lat' dir='ltr'><strong>recentissimi</strong></span> <span class='ocrx_word' id='word_1_190' title='bbox 1223 2537 1312 2600; x_wconf 88' lang='lat' dir='ltr'><strong>scri-</strong></span> 
     </span>
     <span class='ocr_line' id='line_1_26' title="bbox 262 2619 1310 2713; baseline -0.004 -24"><span class='ocrx_word' id='word_1_191' title='bbox 262 2635 388 2713; x_wconf 83' lang='lat' dir='ltr'><strong>ptores.</strong></span> <span class='ocrx_word' id='word_1_192' title='bbox 412 2621 467 2700; x_wconf 58' lang='lat' dir='ltr'><strong>vIn</strong></span> <span class='ocrx_word' id='word_1_193' title='bbox 488 2624 693 2711; x_wconf 87' lang='lat' dir='ltr'><strong>optimorum</strong></span> <span class='ocrx_word' id='word_1_194' title='bbox 712 2633 821 2688; x_wconf 83' lang='lat' dir='ltr'><strong>autem</strong></span> <span class='ocrx_word' id='word_1_195' title='bbox 844 2623 1045 2710; x_wconf 87' lang='lat' dir='ltr'><strong>scriptorum</strong></span> <span class='ocrx_word' id='word_1_196' title='bbox 1068 2620 1160 2694; x_wconf 88' lang='lat' dir='ltr'><strong>libris</strong></span> <span class='ocrx_word' id='word_1_197' title='bbox 1183 2619 1310 2685; x_wconf 85' lang='lat' dir='ltr'><strong>frustra</strong></span> 
     </span>
     <span class='ocr_line' id='line_1_27' title="bbox 116 2705 1309 2798; baseline -0.007 -21"><span class='ocrx_word' id='word_1_198' title='bbox 116 2721 122 2730; x_wconf 91' lang='grc'><strong>“</strong></span> <span class='ocrx_word' id='word_1_199' title='bbox 175 2765 178 2772; x_wconf 97' lang='grc'><strong>.</strong></span> <span class='ocrx_word' id='word_1_200' title='bbox 263 2711 451 2798; x_wconf 86' lang='lat' dir='ltr'><strong>quaerimus</strong></span> <span class='ocrx_word' id='word_1_201' title='bbox 476 2707 644 2794; x_wconf 83' lang='lat' dir='ltr'><strong>exempla,</strong></span> <span class='ocrx_word' id='word_1_202' title='bbox 673 2729 733 2774; x_wconf 89' lang='lat' dir='ltr'><strong>nec</strong></span> <span class='ocrx_word' id='word_1_203' title='bbox 756 2708 931 2795; x_wconf 87' lang='lat' dir='ltr'><strong>quisquam</strong></span> <span class='ocrx_word' id='word_1_204' title='bbox 954 2725 1091 2787; x_wconf 88' lang='lat' dir='ltr'><strong>eorum,</strong></span> <span class='ocrx_word' id='word_1_205' title='bbox 1123 2706 1180 2791; x_wconf 86' lang='lat' dir='ltr'><strong>qui</strong></span> <span class='ocrx_word' id='word_1_206' title='bbox 1209 2705 1309 2774; x_wconf 84' lang='lat' dir='ltr'><strong>aliam</strong></span> 
     </span>
     <span class='ocr_line' id='line_1_28' title="bbox 262 2790 1310 2880; baseline -0.006 -20"><span class='ocrx_word' id='word_1_207' title='bbox 262 2795 469 2868; x_wconf 85' lang='lat' dir='ltr'><strong>obesussem</strong></span> <span class='ocrx_word' id='word_1_208' title='bbox 484 2797 756 2880; x_wconf 86' lang='lat' dir='ltr'><strong>interposuerunt</strong></span> <span class='ocrx_word' id='word_1_209' title='bbox 779 2793 915 2880; x_wconf 70' lang='lat' dir='ltr'><strong>magis,</strong></span> <span class='ocrx_word' id='word_1_210' title='bbox 933 2812 1094 2878; x_wconf 87' lang='lat' dir='ltr'><strong>umquam</strong></span> <span class='ocrx_word' id='word_1_211' title='bbox 1117 2790 1204 2856; x_wconf 82' lang='lat' dir='ltr'><strong>dixit</strong></span> <span class='ocrx_word' id='word_1_212' title='bbox 1228 2813 1310 2854; x_wconf 87' lang='lat' dir='ltr'><strong>mu·</strong></span> 
     </span>
     <span class='ocr_line' id='line_1_29' title="bbox 259 2875 1309 3032; baseline -0.005 -87"><span class='ocrx_word' id='word_1_213' title='bbox 259 2881 319 3032; x_wconf 50' lang='lat' dir='ltr'><strong>gie</strong></span> <span class='ocrx_word' id='word_1_214' title='bbox 336 2879 484 2958; x_wconf 80' lang='lat' dir='ltr'><strong>clarior,</strong></span> <span class='ocrx_word' id='word_1_215' title='bbox 506 2879 622 3027; x_wconf 53' lang='lat' dir='ltr'><strong>magis</strong></span> <span class='ocrx_word' id='word_1_216' title='bbox 643 2876 841 2956; x_wconf 82' lang='lat' dir='ltr'><strong>iucundior,</strong></span> <span class='ocrx_word' id='word_1_217' title='bbox 864 2899 927 2948; x_wconf 86' lang='lat' dir='ltr'><strong>nec</strong></span> <span class='ocrx_word' id='word_1_218' title='bbox 948 2875 1101 2944; x_wconf 85' lang='lat' dir='ltr'><strong>credibile</strong></span> <span class='ocrx_word' id='word_1_219' title='bbox 1128 2885 1195 2956; x_wconf 86' lang='lat' dir='ltr'><strong>est,</strong></span> <span class='ocrx_word' id='word_1_220' title='bbox 1218 2877 1309 2960; x_wconf 88' lang='lat' dir='ltr'><strong>quod</strong></span> 
     </span>
    </p>
   </div>
   <div class='ocr_carea' id='block_1_9' title="bbox 202 2962 1311 3995">
    <p class='ocr_par' dir='ltr' id='par_1_9' title="bbox 202 2962 1311 3995">
     <span class='ocr_line' id='line_1_30' title="bbox 290 2962 1310 3052; baseline -0.004 -24"><span class='ocrx_word' id='word_1_221' title='bbox 290 2963 561 3052; x_wconf 79' lang='lat' dir='ltr'><strong>ebhardusopioe</strong></span> <span class='ocrx_word' id='word_1_222' title='bbox 586 2974 670 3037; x_wconf 85' lang='lat' dir='ltr'><strong>atur,</strong></span> <span class='ocrx_word' id='word_1_223' title='bbox 686 2963 815 3034; x_wconf 79' lang='lat' dir='ltr'><strong>Liuium</strong></span> <span class='ocrx_word' id='word_1_224' title='bbox 831 2962 998 3050; x_wconf 82' lang='lat' dir='ltr'><strong>scripsisse</strong></span> <span class='ocrx_word' id='word_1_225' title='bbox 1014 2963 1047 3042; x_wconf 84' lang='lat'><strong>5,</strong></span> <span class='ocrx_word' id='word_1_226' title='bbox 1064 2966 1115 3036; x_wconf 82' lang='lat'><strong>16,</strong></span> <span class='ocrx_word' id='word_1_227' title='bbox 1127 2967 1163 3034; x_wconf 77' lang='lat'><strong>2.</strong></span> <span class='ocrx_word' id='word_1_228' title='bbox 1189 2963 1310 3048; x_wconf 76' lang='lat' dir='ltr'><strong>uwgis</strong></span> 
     </span>
     <span class='ocr_line' id='line_1_31' title="bbox 259 3042 1311 3138; baseline -0.008 -19"><span class='ocrx_word' id='word_1_229' title='bbox 259 3050 428 3138; x_wconf 77' lang='lat' dir='ltr'><strong>quietiora</strong></span> <span class='ocrx_word' id='word_1_230' title='bbox 442 3049 597 3137; x_wconf 79' lang='lat' dir='ltr'><strong>negotia.</strong></span> <span class='ocrx_word' id='word_1_231' title='bbox 638 3049 750 3128; x_wconf 76' lang='lat' dir='ltr'><strong>Livius</strong></span> <span class='ocrx_word' id='word_1_232' title='bbox 766 3049 873 3131; x_wconf 82' lang='lat' dir='ltr'><strong>enim,</strong></span> <span class='ocrx_word' id='word_1_233' title='bbox 897 3060 930 3113; x_wconf 88' lang='lat' dir='ltr'><strong>et</strong></span> <span class='ocrx_word' id='word_1_234' title='bbox 946 3046 1003 3134; x_wconf 84' lang='lat' dir='ltr'><strong>qui</strong></span> <span class='ocrx_word' id='word_1_235' title='bbox 1013 3057 1097 3124; x_wconf 71' lang='lat' dir='ltr'><strong>,eunt</strong></span> <span class='ocrx_word' id='word_1_236' title='bbox 1108 3042 1204 3112; x_wconf 83' lang='lat' dir='ltr'><strong>istius</strong></span> <span class='ocrx_word' id='word_1_237' title='bbox 1218 3057 1311 3111; x_wconf 86' lang='lat' dir='ltr'><strong>aeta·</strong></span> 
     </span>
     <span class='ocr_line' id='line_1_32' title="bbox 259 3131 1310 3223; baseline -0.004 -24"><span class='ocrx_word' id='word_1_238' title='bbox 259 3135 319 3213; x_wconf 90' lang='lat' dir='ltr'><strong>tis,</strong></span> <span class='ocrx_word' id='word_1_239' title='bbox 345 3145 422 3223; x_wconf 89' lang='lat' dir='ltr'><strong>post</strong></span> <span class='ocrx_word' id='word_1_240' title='bbox 443 3135 703 3222; x_wconf 74' lang='lat' dir='ltr'><strong>comparativum</strong></span> <span class='ocrx_word' id='word_1_241' title='bbox 719 3134 840 3206; x_wconf 83' lang='lat' dir='ltr'><strong>addere</strong></span> <span class='ocrx_word' id='word_1_242' title='bbox 860 3132 1012 3204; x_wconf 74' lang='lat' dir='ltr'><strong>solebam</strong></span> <span class='ocrx_word' id='word_1_243' title='bbox 1030 3131 1154 3219; x_wconf 68' lang='lat' dir='ltr'><strong>magis,</strong></span> <span class='ocrx_word' id='word_1_244' title='bbox 1171 3133 1310 3218; x_wconf 82' lang='lat' dir='ltr'><strong>exposi-</strong></span> 
     </span>
     <span class='ocr_line' id='line_1_33' title="bbox 259 3214 1307 3301; baseline -0.007 -15"><span class='ocrx_word' id='word_1_245' title='bbox 259 3220 361 3286; x_wconf 84' lang='lat' dir='ltr'><strong>tionis</strong></span> <span class='ocrx_word' id='word_1_246' title='bbox 384 3241 496 3284; x_wconf 84' lang='lat' dir='ltr'><strong>ceussa</strong></span> <span class='ocrx_word' id='word_1_247' title='bbox 512 3221 575 3301; x_wconf 86' lang='lat' dir='ltr'><strong>ito,</strong></span> <span class='ocrx_word' id='word_1_248' title='bbox 596 3231 633 3284; x_wconf 90' lang='lat' dir='ltr'><strong>ut</strong></span> <span class='ocrx_word' id='word_1_249' title='bbox 647 3219 744 3285; x_wconf 84' lang='lat' dir='ltr'><strong>verba</strong></span> <span class='ocrx_word' id='word_1_250' title='bbox 760 3225 791 3299; x_wconf 84' lang='lat'><strong>9,</strong></span> <span class='ocrx_word' id='word_1_251' title='bbox 804 3225 842 3301; x_wconf 68' lang='lat'><strong>7,</strong></span> <span class='ocrx_word' id='word_1_252' title='bbox 854 3223 886 3283; x_wconf 85' lang='grc'><strong>6.</strong></span> <span class='ocrx_word' id='word_1_253' title='bbox 911 3226 1018 3284; x_wconf 85' lang='lat' dir='ltr'><strong>essent</strong></span> <span class='ocrx_word' id='word_1_254' title='bbox 1033 3221 1079 3281; x_wconf 91' lang='lat' dir='ltr'><strong>sic</strong></span> <span class='ocrx_word' id='word_1_255' title='bbox 1097 3214 1307 3301; x_wconf 75' lang='lat' dir='ltr'><strong>accipiendo:</strong></span> 
     </span>
     <span class='ocr_line' id='line_1_34' title="bbox 258 3302 1310 3393; baseline -0.006 -22"><span class='ocrx_word' id='word_1_256' title='bbox 258 3305 394 3372; x_wconf 81' lang='lat' dir='ltr'><strong>tristior</strong></span> <span class='ocrx_word' id='word_1_257' title='bbox 410 3304 535 3371; x_wconf 84' lang='lat' dir='ltr'><strong>deinde</strong></span> <span class='ocrx_word' id='word_1_258' title='bbox 548 3305 801 3393; x_wconf 72' lang='lat' dir='ltr'><strong>ignominiosae</strong></span> <span class='ocrx_word' id='word_1_259' title='bbox 808 3303 930 3392; x_wconf 79' lang='lat' dir='ltr'><strong>pacis,</strong></span> <span class='ocrx_word' id='word_1_260' title='bbox 951 3302 1067 3388; x_wconf 75' lang='lat' dir='ltr'><strong>magis</strong></span> <span class='ocrx_word' id='word_1_261' title='bbox 1084 3321 1187 3388; x_wconf 78' lang='lat' dir='ltr'><strong>quam</strong></span> <span class='ocrx_word' id='word_1_262' title='bbox 1204 3302 1310 3386; x_wconf 84' lang='lat' dir='ltr'><strong>peri·</strong></span> 
     </span>
     <span class='ocr_line' id='line_1_35' title="bbox 258 3387 1311 3477; baseline -0.006 -21"><span class='ocrx_word' id='word_1_263' title='bbox 258 3391 345 3470; x_wconf 82' lang='lat' dir='ltr'><strong>culi,</strong></span> <span class='ocrx_word' id='word_1_264' title='bbox 362 3387 592 3475; x_wconf 83' lang='lat' dir='ltr'><strong>nuntiursuit.</strong></span> <span class='ocrx_word' id='word_1_265' title='bbox 631 3390 754 3477; x_wconf 72' lang='lat' dir='ltr'><strong>Inpliis</strong></span> <span class='ocrx_word' id='word_1_266' title='bbox 769 3391 851 3454; x_wconf 89' lang='lat' dir='ltr'><strong>locis</strong></span> <span class='ocrx_word' id='word_1_267' title='bbox 863 3388 980 3476; x_wconf 71' lang='lat' dir='ltr'><strong>magio</strong></span> <span class='ocrx_word' id='word_1_268' title='bbox 995 3407 1106 3475; x_wconf 71' lang='lat' dir='ltr'><strong>peom-</strong></span> <span class='ocrx_word' id='word_1_269' title='bbox 1113 3405 1177 3472; x_wconf 88' lang='lat' dir='ltr'><strong>pro</strong></span> <span class='ocrx_word' id='word_1_270' title='bbox 1186 3387 1311 3471; x_wconf 84' lang='lat' dir='ltr'><strong>potius</strong></span> 
     </span>
     <span class='ocr_line' id='line_1_36' title="bbox 258 3473 1310 3565; baseline -0.006 -23"><span class='ocrx_word' id='word_1_271' title='bbox 258 3499 362 3565; x_wconf 85' lang='lat' dir='ltr'><strong>quum</strong></span> <span class='ocrx_word' id='word_1_272' title='bbox 381 3477 507 3540; x_wconf 88' lang='lat' dir='ltr'><strong>dictum</strong></span> <span class='ocrx_word' id='word_1_273' title='bbox 533 3485 597 3557; x_wconf 89' lang='lat' dir='ltr'><strong>est,</strong></span> <span class='ocrx_word' id='word_1_274' title='bbox 628 3475 681 3541; x_wconf 92' lang='lat' dir='ltr'><strong>cui</strong></span> <span class='ocrx_word' id='word_1_275' title='bbox 704 3475 779 3540; x_wconf 85' lang='lat' dir='ltr'><strong>eddi</strong></span> <span class='ocrx_word' id='word_1_276' title='bbox 802 3485 932 3563; x_wconf 87' lang='lat' dir='ltr'><strong>poterat</strong></span> <span class='ocrx_word' id='word_1_277' title='bbox 953 3473 1211 3558; x_wconf 75' lang='lat' dir='ltr'><strong>comparativus:</strong></span> <span class='ocrx_word' id='word_1_278' title='bbox 1240 3493 1310 3557; x_wconf 85' lang='lat' dir='ltr'><strong>qua</strong></span> 
     </span>
     <span class='ocr_line' id='line_1_37' title="bbox 257 3553 1309 3650; baseline -0.008 -22"><span class='ocrx_word' id='word_1_279' title='bbox 257 3564 388 3628; x_wconf 88' lang='lat' dir='ltr'><strong>ratione</strong></span> <span class='ocrx_word' id='word_1_280' title='bbox 402 3583 471 3626; x_wconf 91' lang='lat' dir='ltr'><strong>non</strong></span> <span class='ocrx_word' id='word_1_281' title='bbox 488 3583 591 3650; x_wconf 88' lang='lat' dir='ltr'><strong>pauca</strong></span> <span class='ocrx_word' id='word_1_282' title='bbox 610 3562 812 3626; x_wconf 86' lang='lat' dir='ltr'><strong>Graecorum</strong></span> <span class='ocrx_word' id='word_1_283' title='bbox 829 3558 980 3646; x_wconf 88' lang='lat' dir='ltr'><strong>exempla</strong></span> <span class='ocrx_word' id='word_1_284' title='bbox 996 3553 1200 3643; x_wconf 80' lang='lat' dir='ltr'><strong>expedienda</strong></span> <span class='ocrx_word' id='word_1_285' title='bbox 1214 3565 1309 3620; x_wconf 82' lang='lat' dir='ltr'><strong>eunt.</strong></span> 
     </span>
     <span class='ocr_line' id='line_1_38' title="bbox 226 3645 1307 3727; baseline -0.006 -15"><span class='ocrx_word' id='word_1_286' title='bbox 226 3663 230 3674; x_wconf 88' lang='lat'><em>·</em></span> <span class='ocrx_word' id='word_1_287' title='bbox 259 3645 312 3712; x_wconf 85' lang='lat' dir='ltr'><strong>cf.</strong></span> <span class='ocrx_word' id='word_1_288' title='bbox 337 3646 482 3713; x_wconf 85' lang='lat' dir='ltr'><strong>Fischeri</strong></span> <span class='ocrx_word' id='word_1_289' title='bbox 506 3647 686 3711; x_wconf 72' lang='lat' dir='ltr'><strong>&#39;Animadn</strong></span> <span class='ocrx_word' id='word_1_290' title='bbox 705 3645 745 3710; x_wconf 85' lang='lat' dir='ltr'><strong>ed</strong></span> <span class='ocrx_word' id='word_1_291' title='bbox 768 3645 908 3710; x_wconf 87' lang='lat' dir='ltr'><strong>Welleri</strong></span> <span class='ocrx_word' id='word_1_292' title='bbox 931 3645 1081 3709; x_wconf 87' lang='lat' dir='ltr'><strong>Grumm.</strong></span> <span class='ocrx_word' id='word_1_293' title='bbox 1104 3647 1136 3708; x_wconf 78' lang='lat'><strong>2.</strong></span> <span class='ocrx_word' id='word_1_294' title='bbox 1165 3663 1201 3727; x_wconf 91' lang='lat' dir='ltr'><strong>p.</strong></span> <span class='ocrx_word' id='word_1_295' title='bbox 1228 3645 1307 3706; x_wconf 81' lang='grc'><strong>188.</strong></span> 
     </span>
     <span class='ocr_line' id='line_1_39' title="bbox 202 3727 1310 3820; baseline -0.009 -20"><span class='ocrx_word' id='word_1_296' title='bbox 202 3765 204 3772; x_wconf 65' lang='grc'><strong>’</strong></span> <span class='ocrx_word' id='word_1_297' title='bbox 256 3733 460 3800; x_wconf 87' lang='lat' dir='ltr'><strong>Posteriores</strong></span> <span class='ocrx_word' id='word_1_298' title='bbox 479 3732 653 3820; x_wconf 89' lang='lat' dir='ltr'><strong>scriptores</strong></span> <span class='ocrx_word' id='word_1_299' title='bbox 670 3733 704 3795; x_wconf 91' lang='lat' dir='ltr'><strong>in</strong></span> <span class='ocrx_word' id='word_1_300' title='bbox 721 3729 867 3796; x_wconf 85' lang='lat' dir='ltr'><strong>formula</strong></span> <span class='ocrx_word' id='word_1_301' title='bbox 884 3752 953 3794; x_wconf 85' lang='lat' dir='ltr'><strong>non</strong></span> <span class='ocrx_word' id='word_1_302' title='bbox 976 3728 1091 3815; x_wconf 79' lang='lat' dir='ltr'><strong>magis</strong></span> <span class='ocrx_word' id='word_1_303' title='bbox 1111 3747 1219 3813; x_wconf 80' lang='lat' dir='ltr'><strong>qrtam</strong></span> <span class='ocrx_word' id='word_1_304' title='bbox 1244 3727 1310 3790; x_wconf 83' lang='lat' dir='ltr'><strong>ed-</strong></span> 
     </span>
     <span class='ocr_line' id='line_1_40' title="bbox 256 3811 1308 3906; baseline -0.006 -24"><span class='ocrx_word' id='word_1_305' title='bbox 256 3818 418 3882; x_wconf 88' lang='lat' dir='ltr'><strong>miserunt</strong></span> <span class='ocrx_word' id='word_1_306' title='bbox 442 3818 702 3906; x_wconf 87' lang='lat' dir='ltr'><strong>comparativum</strong></span> <span class='ocrx_word' id='word_1_307' title='bbox 727 3817 891 3905; x_wconf 83' lang='lat' dir='ltr'><strong>gravitatis</strong></span> <span class='ocrx_word' id='word_1_308' title='bbox 918 3835 1041 3880; x_wconf 83' lang='lat' dir='ltr'><strong>causes.</strong></span> <span class='ocrx_word' id='word_1_309' title='bbox 1091 3811 1155 3878; x_wconf 88' lang='lat' dir='ltr'><strong>Sed</strong></span> <span class='ocrx_word' id='word_1_310' title='bbox 1185 3831 1308 3876; x_wconf 90' lang='lat' dir='ltr'><strong>recen-</strong></span> 
     </span>
     <span class='ocr_line' id='line_1_41' title="bbox 255 3895 1308 3995; baseline -0.007 -29"><span class='ocrx_word' id='word_1_311' title='bbox 255 3902 376 3969; x_wconf 87' lang='lat' dir='ltr'><strong>tissimi</strong></span> <span class='ocrx_word' id='word_1_312' title='bbox 400 3903 535 3970; x_wconf 89' lang='lat' dir='ltr'><strong>demum</strong></span> <span class='ocrx_word' id='word_1_313' title='bbox 558 3903 727 3968; x_wconf 87' lang='lat' dir='ltr'><strong>redierunt</strong></span> <span class='ocrx_word' id='word_1_314' title='bbox 748 3901 788 3966; x_wconf 86' lang='lat' dir='ltr'><strong>ad</strong></span> <span class='ocrx_word' id='word_1_315' title='bbox 812 3901 993 3988; x_wconf 87' lang='lat' dir='ltr'><strong>antiquum·</strong></span> <span class='ocrx_word' id='word_1_316' title='bbox 1008 3915 1123 3976; x_wconf 84' lang='lat' dir='ltr'><strong>usum,</strong></span> <span class='ocrx_word' id='word_1_317' title='bbox 1145 3895 1308 3995; x_wconf 35' lang='lat' dir='ltr'><strong>&#39;adeoque</strong></span> 
     </span>
    </p>
   </div>
   <div class='ocr_carea' id='block_1_10' title="bbox 256 3986 1179 4077">
    <p class='ocr_par' dir='ltr' id='par_1_10' title="bbox 256 3986 1179 4077">
     <span class='ocr_line' id='line_1_42' title="bbox 256 3986 1179 4077; baseline -0.008 -25"><span class='ocrx_word' id='word_1_318' title='bbox 256 3986 426 4076; x_wconf 90' lang='lat' dir='ltr'><strong>duplicem</strong></span> <span class='ocrx_word' id='word_1_319' title='bbox 442 3988 703 4077; x_wconf 74' lang='lat' dir='ltr'><strong>comparativum</strong></span> <span class='ocrx_word' id='word_1_320' title='bbox 722 3988 965 4053; x_wconf 85' lang='lat' dir='ltr'><strong>coniunxerunt</strong></span> <span class='ocrx_word' id='word_1_321' title='bbox 978 4005 1038 4074; x_wconf 90' lang='lat' dir='ltr'><strong>per</strong></span> <span class='ocrx_word' id='word_1_322' title='bbox 1050 4003 1179 4068; x_wconf 79' lang='lat' dir='ltr'><strong>mages.</strong></span> 
     </span>
    </p>
   </div>
   <div class='ocr_carea' id='block_1_11' title="bbox 320 4097 1311 4264">
    <p class='ocr_par' dir='ltr' id='par_1_11' title="bbox 320 4097 1311 4264">
     <span class='ocr_line' id='line_1_43' title="bbox 357 4097 1309 4174; baseline -0.014 -13"><span class='ocrx_word' id='word_1_323' title='bbox 357 4105 449 4161; x_wconf 79' lang='lat' dir='ltr'><strong>Pleni.</strong></span> <span class='ocrx_word' id='word_1_324' title='bbox 466 4107 553 4162; x_wconf 86' lang='lat' dir='ltr'><strong>Stich.</strong></span> <span class='ocrx_word' id='word_1_325' title='bbox 567 4107 593 4172; x_wconf 78' lang='lat'><strong>5,</strong></span> <span class='ocrx_word' id='word_1_326' title='bbox 609 4104 636 4172; x_wconf 82' lang='lat'><strong>4,</strong></span> <span class='ocrx_word' id='word_1_327' title='bbox 650 4104 694 4159; x_wconf 73' lang='lat'><strong>22.</strong></span> <span class='ocrx_word' id='word_1_328' title='bbox 712 4107 790 4162; x_wconf 82' lang='lat' dir='ltr'><strong>immo</strong></span> <span class='ocrx_word' id='word_1_329' title='bbox 805 4109 873 4163; x_wconf 82' lang='lat' dir='ltr'><strong>enim</strong></span> <span class='ocrx_word' id='word_1_330' title='bbox 887 4106 928 4160; x_wconf 83' lang='lat' dir='ltr'><strong>iric</strong></span> <span class='ocrx_word' id='word_1_331' title='bbox 941 4104 1031 4174; x_wconf 81' lang='lat' dir='ltr'><strong>magis</strong></span> <span class='ocrx_word' id='word_1_332' title='bbox 1042 4107 1078 4156; x_wconf 83' lang='lat' dir='ltr'><strong>eet</strong></span> <span class='ocrx_word' id='word_1_333' title='bbox 1092 4099 1203 4154; x_wconf 79' lang='lat' dir='ltr'><strong>dulciret.</strong></span> <span class='ocrx_word' id='word_1_334' title='bbox 1239 4097 1309 4150; x_wconf 81' lang='lat' dir='ltr'><strong>Aul.</strong></span> 
     </span>
     <span class='ocr_line' id='line_1_44' title="bbox 320 4181 1311 4264; baseline -0.019 -10"><span class='ocrx_word' id='word_1_335' title='bbox 320 4187 387 4255; x_wconf 63' lang='grc'><strong>8,2,</strong></span> <span class='ocrx_word' id='word_1_336' title='bbox 403 4189 431 4246; x_wconf 74' lang='grc' dir='ltr'><strong>Β.</strong></span> <span class='ocrx_word' id='word_1_337' title='bbox 446 4191 616 4264; x_wconf 76' lang='lat' dir='ltr'><strong>itufarts&#39;ius</strong></span> <span class='ocrx_word' id='word_1_338' title='bbox 628 4209 686 4248; x_wconf 84' lang='lat' dir='ltr'><strong>eom</strong></span> <span class='ocrx_word' id='word_1_339' title='bbox 699 4185 807 4246; x_wconf 73' lang='lat' dir='ltr'><strong>mollior</strong></span> <span class='ocrx_word' id='word_1_340' title='bbox 821 4189 900 4254; x_wconf 67' lang='lat' dir='ltr'><strong>siner</strong></span> <span class='ocrx_word' id='word_1_341' title='bbox 917 4189 1006 4262; x_wconf 73' lang='lat' dir='ltr'><strong>mugi·</strong></span> <span class='ocrx_word' id='word_1_342' title='bbox 1027 4187 1107 4258; x_wconf 67' lang='lat' dir='ltr'><strong>cuuis</strong></span> <span class='ocrx_word' id='word_1_343' title='bbox 1127 4184 1197 4238; x_wconf 71' lang='lat' dir='ltr'><strong>ullu</strong></span> <span class='ocrx_word' id='word_1_344' title='bbox 1214 4181 1311 4237; x_wconf 80' lang='lat' dir='ltr'><strong>claue-</strong></span> 
     </span>
    </p>
   </div>
   <div class='ocr_carea' id='block_1_12' title="bbox 0 0 1410 4726">
    <p class='ocr_par' dir='ltr' id='par_1_12' title="bbox 0 0 1410 4726">
     <span class='ocr_line' id='line_1_45' title="bbox 0 0 1410 4726; baseline 0 3"><span class='ocrx_word' id='word_1_345' title='bbox 0 0 1410 4726; x_wconf 95' lang='lat' dir='ltr'><strong> </strong></span> 
     </span>
    </p>
   </div>
  </div>
 </body>
</html>
