2856 4720
398 345 741 462 mut'
1032 347 1160 430 ‘sss

102 529 259 610 firmant,
295 521 413 590 verum
433 540 504 586 non
530 515 726 593 Bekkerus,
759 535 820 581 neo
842 505 926 602 ego.¹
966 514 1051 582 Nam
1080 537 1165 606 quse

100 616 248 693 'Orellius
263 608 403 706 protulit
420 614 618 694 argumenta.
633 599 796 692 impedire
815 623 887 666 non
908 611 1068 690 possunt,
1091 609 1160 692 quo
1222 654 1225 659 .

100 703 214 770 minus
231 695 436 783 tragoediam
451 691 683 779 intelligamus.
776 756 778 762 ,

132 883 134 888 ·
189 853 221 918 4.
239 851 319 916 Prae
337 847 453 913 ceteris
469 841 676 924 notandaest
692 838 839 906 formula
851 839 1064 927 intempore,
1080 863 1165 929 quas

105 948 164 1006 out
179 939 219 1003 de
234 947 390 1022 tempore
413 932 499 996 iusto
516 929 568 993 vol
585 937 783 1014 opportuno
807 936 842 990 et
862 925 1043 990 commodo
1066 949 1165 992 usur-

70 1069 75 1083 .
102 1035 223 1114 patus,
254 1016 346 1107 quod
376 1017 493 1083 Graeci
519 1016 554 1080 ἐν
575 1017 688 1099 καιρῷ,
719 1021 775 1074 aut
800 1013 939 1100 ponitur
963 1034 1028 1100 pro
1059 1011 1165 1088 illico,
1198 1039 1200 1045 ·

92 1110 198 1196 »quod
231 1115 279 1172 est
312 1108 348 1170 in
379 1103 476 1181 loco,
510 1108 567 1164 aut
597 1094 775 1186 signifieat,
800 1097 870 1162 -ubi
903 1097 1031 1161 occasio
1069 1097 1166 1172 ferat.
1235 1161 1239 1174 ,

19 1235 22 1242 ·
105 1191 312 1262 Sohwnrnius
335 1189 376 1254 ad
393 1188 477 1253 Ptin.
490 1187 574 1250 Pon.
586 1188 633 1272 ἱ6,
649 1188 681 1248 3.
705 1181 1081 1274 addiproepositionom
1096 1183 1169 1247 exi-

59 1315 76 1344 «
106 1278 283 1362 suntabsit,
306 1274 439 1361 quando
456 1273 496 1336 do
511 1281 663 1356 tempore
678 1269 763 1334 tristi
779 1279 835 1332 out
852 1269 1039 1356 periculoso
1055 1291 1168 1334 sermo

106 1375 206 1432 esset.
251 1361 352 1426 Cuius
372 1357 541 1449 opinionis
558 1355 683 1420 nullam
704 1352 798 1418 video
814 1355 990 1420 rationein.
1035 1389 1039 1396 ·

212 1481 451 1536 Torent.*lioont.
474 1477 508 1540 2,
522 1475 561 1558 κ3,
584 1472 645 1527 123.
671 1475 701 1526 in
723 1480 837 1542 tempore
860 1475 896 1527 asi
918 1492 976 1528 eum
997 1474 1072 1539 oeni,
1100 1473 1170 1544 pund
1215 1527 1219 1534 .

178 1570 293 1622 omnium
309 1583 395 1620 rerum
414 1565 587 1632 est-primum.
622 1558 737 1615 Phorm.
750 1557 783 1623 2,
800 1555 834 1622 4,
849 1557 892 1612 24.
910 1561 953 1612 resi
975 1576 1062 1612 eorum
1084 1559 1170 1628 ipsum

176 1654 251 1708 uideo
269 1651 426 1720 intempore
444 1649 494 1700 buo
508 1663 533 1698 se
552 1646 672 1715 recipere.
707 1644 791 1697 Andr.
808 1643 841 1708 3,
856 1643 890 1708 2,
905 1642 947 1697 nu
966 1652 1041 1712 atque
1057 1631 1121 1698 aies
1140 1644 1170 1696 in

175 1740 232 1808 ipso
247 1744 362 1804 tempore
377 1750 463 1787 eanum
478 1732 565 1800 ipsum
580 1730 690 1782 obuiam.
718 1725 778 1784 Isiu.
793 1727 836 1795 28,
848 1728 874 1794 8,
890 1729 916 1782 1.
936 1749 1014 1800 puum
1029 1730 1066 1784 ad
1081 1729 1171 1782 omnio

182 1809 238 1892 ipis
259 1821 359 1890 raptim
374 1819 449 1883 isset,
467 1816 536 1869 nulii
557 1821 643 1866 tamen
665 1827 691 1864 se
712 1815 752 1866 rei
775 1814 937 1883 intempore
956 1814 1101 1867 occurrisse.
1125 1811 1170 1880 33,

179 1907 207 1971 5,
222 1905 247 1959 2.
266 1907 294 1957 ni
311 1932 342 1944 -
359 1903 456 1973 pedites
473 1901 619 1968 equitesque
633 1897 663 1949 in
679 1903 794 1965 tempore
808 1899 989 1952 subvenissent.
1008 1895 1061 1964 34,
1080 1895 1130 1963 18,
1143 1897 1172 1950 2.

181 1989 329 2056 unt-11.
355 1993 445 2058 spreta
469 1986 498 2036 in
519 1991 630 2051 tempore
650 1981 740 2050 gioria
764 1982 896 2034 interdum
917 1978 1074 2036 cumulatior
1095 1983 1174 2037 redit.

182 2075 209 2142 9,
224 2071 323 2139 2315.
342 2080 365 2126 et
383 2072 411 2124 in
428 2077 542 2138 tempore
556 2065 686 2135 magister
701 2065 814 2132 equitum
832 2065 944 2118 bostiam
965 2073 1043 2136 terga
1063 2066 1173 2120 invadit.

184 2160 281 2216 Cicero
300 2175 353 2210 non
366 2153 457 2224 posuit
478 2146 725 2222 praepositionem
746 2165 811 2202 nem
834 2149 870 2202 ub
888 2149 980 2203 aliena
1002 2166 1086 2203 monn
1109 2155 1173 2204 sunt

180 2245 289 2300 adiectu
309 2260 359 2308 oo,
379 2231 449 2310 queo‘
464 2240 595 2306 leguntur
610 2231 639 2286 in
655 2233 738 2287 catil.
751 2234 777 2300 1,
793 2232 878 2302 6,16.
896 2237 963 2291 nibil
977 2235 1085 2303 metiris,
1104 2236 1172 2304 quod

182 2331 248 2386 milii
263 2331 345 2382 intere
359 2327 445 2380 oaieat
460 2325 625 2390 intempore.
819 2308 830 2322 ‘
1230 2309 1232 2314 ’

220 2415 365 2486 Illustrnnt
388 2428 461 2482 hono
483 2419 714 2493 significationem
733 2420 875 2475 Munatius
901 2421 936 2476 nd
962 2419 1019 2474 cio.
1042 2418 1129 2488 Epist.
1145 2417 1174 2488 2,
1209 2437 1212 2446 ·

185 2518 229 2573 18.
247 2504 364 2593 Tennul.
378 2514 412 2566 nd
426 2507 548 2564 Frontin.
562 2506 590 2572 1,
605 2506 633 2572 1,
648 2505 674 2559 1.
692 2505 842 2562 Burmann.
860 2507 893 2558 nd
910 2499 1029 2560 Phasin.
1039 2502 1066 2570 4,
1075 2503 1119 2569 25,
1128 2503 1173 2558 33.

105 2635 107 2639 ·
188 2603 327 2659 Drakenb.
351 2599 385 2654 nd
407 2596 458 2650 Sil.
482 2593 533 2658 11,
548 2591 575 2644 8.
596 2590 631 2644 ab
653 2589 713 2645 Liv.
737 2588 860 2657 8,t,5.
879 2595 907 2644 ei
928 2591 963 2645 ab
985 2589 1036 2654 22,
1057 2587 1109 2656 25,
1128 2586 1173 2644 16.

84 2717 88 2730 ·
189 2691 320 2746 Arntnen.
334 2684 370 2738 ab
386 2683 445 2736 Cat.
461 2676 576 2732 Disti'eh.
592 2692 620 2745 p.
634 2673 679 2729 62.

154 2803 157 2808 ·
221 2789 302 2846 Ovid.
317 2788 377 2842 Art.
392 2783 417 2849 1,
433 2779 495 2836 661.
511 2782 535 2835 si
550 2780 674 2832 inarimos
690 2777 785 2847 (nepus
801 2777 871 2831 enim
885 2777 992 2830 ueniunt
1012 2776 1042 2830 in
1062 2783 1177 2848 temporo
1260 2741 1286 2856 'k
1359 2825 1361 2838 .

184 2875 301 2945 semper)
317 2857 447 2939 'deficient
482 2865 570 2921 Silius
585 2863 630 2928 ll,
647 2861 673 2914 'i-
689 2863 876 2916 susuioronte
892 2864 957 2932 ulios
973 2890 1009 2904 -
1025 2864 1114 2916 odium
1131 2879 1176 2926 re·

189 2977 286 3015 nouare
300 2960 379 3024 seror
402 2954 557 3021 intempore
578 2947 689 3002 Samnis.
726 2945 779 3010 16,
798 2945 858 3000 823.
883 2949 994 3016 inferias
1012 2949 1041 3004 in
1060 2955 1176 3016 temporo

188 3047 285 3116 dignos
298 3042 436 3094 missurum
446 3036 548 3104 fratri,
566 3035 653 3086 clauso
671 3039 873 3084 commurmurat
890 3049 943 3085 ore.

228 3147 341 3226 Sullust.
366 3140 470 3195 Histoe.
487 3137 513 3191 1.
534 3135 606 3204 opud
626 3133 753 3188 Arusian-
777 3134 900 3188 Mensam
926 3153 952 3211 p.
967 3131 1027 3187 629.
1053 3123 1089 3186 et'
1103 3129 1176 3200 opud
1258 3146 1260 3154 ’

135 3295 141 3304 ἱ
187 3233 291 3302 λΒοιῐαῑ.
311 3227 348 3280 nd
369 3225 483 3278 Terent.
505 3223 619 3276 Phorm.
637 3221 670 3285 2,
685 3217 721 3284 4,
735 3217 778 3272 24.
804 3222 960 3290 maximeque
978 3221 1083 3286 serneio
1105 3217 1179 3288 regis

194 3313 356 3369 Mithridatis
377 3311 531 3379 intempore
546 3305 673 3358 bellaturi.
708 3303 768 3356 Liv.
789 3302 822 3370 4,
844 3302 896 3371 46,
920 3305 945 3361 6.
963 3303 1133 3358 arbitrerisne
1148 3303 1179 3356 G.

196 3397 375 3469 Sempronium
390 3395 517 3448 omnium
529 3391 622 3444 autin
637 3396 752 3458 tempore
764 3407 885 3460 pugnam
898 3391 984 3457 inisse,
1000 3396 1048 3442 out
1056 3390 1181 3455 firmasse

175 3534 177 3538 .
196 3485 318 3542 subsidiis
341 3481 431 3536 noiem.
465 3475 556 3531 Tacit.
580 3474 650 3529 Anu.
670 3473 720 3540 12,
744 3473 787 3530 bb.
811 3475 966 3529 Arnuniom
990 3472 1181 3526 Rhadamistus

196 3570 305 3635 invasit,
323 3564 487 3621 truculentior
501 3576 579 3634 quum
597 3566 693 3625 omen,
707 3567 842 3630 tamquam
862 3561 984 3615 adversm
1001 3559 1140 3628 desertores
1157 3558 1197 3608 rt-

198 3657 226 3708 in
243 3662 359 3722 tempore
375 3645 555 3705 rebellaturos-¹

234 3757 295 3811 Non
318 3755 408 3808 solnm
427 3755 541 3821 postne,
563 3746 611 3802 soti
634 3745 718 3801 eiiam
746 3749 870 3803 oratores
892 3761 945 3799 non
969 3757 1033 3796 sero
1054 3738 1183 3794 omittunt

203 3839 442 3911 praepositionem.
475 3837 575 3891 Donat.
591 3833 627 3887 nd
644 3831 756 3886 Terent.
772 3831 855 3885 Andr.
877 3828 961 3898 4,4‚
976 3828 1020 3881 19.
1046 3829 1082 3879 in
1102 3833 1184 3880 tem·
1206 3817 1212 3822 ’

197 3945 282 3999 pore
296 3932 448 3995 opportune.
481 3916 536 3974 Nos
549 3919 605 3972 siue
617 3918 806 3988 praepositione
821 3916 930 3970 dicimus
942 3921 1053 3982 tempore
1075 3918 1100 3966 ot
1115 3919 1183 3964 tem-

199 4014 268 4084 pori.
285 4009 384 4065 'oviu
396 4005 466 4060 Hei.
479 4002 506 4071 4,
519 4003 579 4058 169.
594 4011 706 4082 tempore
720 4003 796 4055 abest.
821 3999 868 4052 ubi
885 3997 939 4052 vid.
957 3995 1095 4050 Heinsius.
1119 3997 1183 4048 Ho-

150 4088 155 4104 '
203 4103 257 4151 rot.
275 4096 335 4152 Sui.
351 4095 378 4163 1,
392 4091 420 4160 b,
434 4090 477 4146 47.
501 4089 549 4144 ubi
566 4089 694 4142 Turrani.
711 4085 768 4139 cic.
787 4084 815 4136 in
831 4084 910 4136 Vosr.
924 4081 1015 4146 usit,
1030 4079 1092 4135 128.
1118 4081 1184 4134 satis

110 4193 117 4274 ζ
204 4185 320 4254 putabat
340 4198 368 4240 ss
388 4181 427 4236 ob
446 4178 551 4234 eomitio
570 4181 681 4243 uapore
704 4177 847 4225 uenturum.
881 4167 917 4222 nd
938 4169 1018 4247 Eum·
1038 4164 1072 4234 i,
1085 4163 1137 4232 18,
1156 4163 1185 4218 3.
1231 4140 1234 4145 ’
