2856 4722
414 297 416 304 ’
494 413 497 420 Δ
604 337 689 416 rra.
937 337 946 354 ·
1103 321 1182 409 4⁷13

128 495 163 556 iu
187 491 345 580 particula
373 491 446 555 ita:
476 511 558 590 quae
581 489 673 555 reddi
696 489 790 556 debet
814 491 881 556 wic
904 523 943 538 -
974 515 1011 555 so
1031 475 1176 581 genista·

128 578 266 642 Necesse
302 587 410 641 tamen
442 587 490 640 est
521 587 573 643 cta
611 577 645 638 iu
685 573 830 640 secundo
865 575 1017 642 membro
1055 578 1166 644 locum
1334 593 1337 605 ⁴
1398 659 1401 668 ,

127 661 254 728 habeat.

231 781 319 832 Locus
334 783 377 833 cst
391 777 528 855 Ciceronis
545 777 579 830 dc
595 779 662 847 ch.
676 777 704 842 2,
718 779 744 844 2,
759 776 784 832 ὗ,
800 777 829 830 iu
845 791 899 846 quo
918 777 971 830 nisi
991 779 1061 833 heac
1076 782 1165 848 expli-

192 863 487 930 auctoramentum,
507 863 670 932 elegantium
693 861 801 916 dicendi
821 861 996 915 desiderabis.
1028 862 1070 916 lbi
1093 865 1165 917 cuim
1208 889 1210 896 ·

191 949 363 1002 scribendum
379 954 435 1002 cst:
457 949 544 1002 Vtilia
562 949 640 1022 caco,
658 964 736 1016 quum
751 955 813 1000 acet
832 947 935 998 Tusculi
954 955 1039 1012 natus,
1065 950 1094 1000 in
1115 967 1164 1018 po-

192 1038 251 1104 puli
269 1035 372 1087 romoni
388 1033 517 1086 ciuitatem
531 1039 661 1100 susceptus
681 1037 735 1083 cst:
754 1032 809 1094 itu,
828 1047 904 1098 quum
922 1031 1080 1084 Tusculanus
1094 1041 1163 1097 essct,
1201 1067 1203 1070 -

191 1121 292 1170 cicuitum
313 1110 470 1178 Romanus‚⁴
486 1117 578 1168 retain
600 1116 709 1168 alterum
729 1115 778 1167 loci
798 1103 939 1182 potuum,-
961 1116 1068 1166 altorum
1088 1117 1173 1168 iuris.'

194 1201 248 1269 Qui
264 1203 303 1254 itu
318 1201 469 1268 penitaque
488 1203 666 1265 acceperunt,
683 1203 729 1250 aut
742 1199 796 1250 lroc
810 1198 899 1266 ipsum
915 1197 1091 1265 scripserunt,
1108 1215 1161 1252 narr
1246 1246 1248 1258 ,

101 1313 107 1322 .
191 1284 457 1346 animadverterunt,
480 1293 567 1349 'quem
587 1280 717 1334 distracta
740 1287 768 1333 ct
788 1273 1042 1334 tneonotnaa'euec
1064 1273 1160 1336 oratio.

191 1367 244 1422 sec
266 1367 350 1419 redde
370 1366 419 1418 illa
442 1367 527 1419 rerba
547 1364 602 1418 ita:
618 1366 666 1418 acie
680 1368 757 1431 jener
776 1368 858 1430 Gut'c,
883 1368 918 1419 du
931 1385 1005 1419 crau
1025 1367 1160 1419 Tusculana

192 1454 320 1522 goderan,
337 1453 365 1502 in
377 1451 424 1502 dac
437 1451 561 1502 rimisciec
576 1451 758 1519 Burgenlnrn
771 1455 970 1520 uusgcaccncueu
991 1453 1098 1502 worden
1115 1452 1158 1513 ist,

187 1553 216 1588 so
229 1535 321 1604 ganisa
336 1535 411 1586 liutto
425 1551 468 1598 cr,
486 1535 522 1585 du
539 1551 568 1586 cr
582 1552 631 1585 coac
650 1534 746 1586 Gelurt
768 1534 810 1586 cin
833 1537 969 1598 tumeler,
985 1535 1043 1586 deca
1066 1536 1177 1599 Stuctcl

93 1665 96 1668 .
186 1619 254 1672 eracli
271 1619 422 1670 ein‘lldmcr
436 1635 507 1684 auur,
525 1621 567 1671 cin
581 1619 730 1683 amisuclrcc
754 1619 897 1672 Vatcrlcud
910 1621 956 1673 clar
970 1621 1092 1672 Heimctir
1102 1622 1157 1672 und

183 1702 346 1755 declinetur.

173 1903 174 1908 η
202 1827 233 1904 ti.
255 1825 365 1888 Perat
385 1858 426 1872 -
448 1824 498 1886 ita
525 1833 769 1910 componuntur
789 1824 968 1888 sententiae
990 1825 1154 1911 generales

119 1929 195 1980 oum
213 1931 248 1972 re
264 1907 436 1994 singulari,
461 1927 542 1992 quac
557 1909 660 1970 modo
680 1909 715 1970 in
736 1909 1031 1975 considerationem
1055 1911 1153 1974 venit.

119 1994 155 2057 ln
175 2014 241 2080 quo
257 2014 317 2056 usu
334 2013 410 2055 cum
427 1992 485 2060 ¹ita
511 1992 707 2078 copulantur
723 1993 801 2058 aliae
819 1993 992 2080 particulae
1014 1993 1154 2058 demon·
1228 2040 1231 2045 -
1250 2023 1252 2028 ·

118 2081 286 2146 strativace
307 2090 397 2156 tum,
418 2099 518 2141 manc.
1230 2105 1233 2112 ’

220 2199 280 2252 niv.
296 2197 339 2262 22,
354 2196 380 2260 8,
394 2194 420 2246 ὃ.
436 2198 508 2248 utin
524 2201 622 2264 asserto
637 2213 740 2265 corpora
754 2197 871 2266 quamvis
884 2197 943 2248 levis
958 2214 1050 2250 ccussu
1067 2198 1154 2267 magia
1246 2251 1247 2256 ,

185 2301 264 2352 qun-m
277 2283 363 2334 ualido
376 2283 487 2350 grauior
499 2282 649 2344 sentiretur,
667 2279 707 2334 ita
726 2289 781 2354 tum
798 2297 897 2350 ccgrcc
916 2288 941 2333 ct
958 2285 1072 2349 affectos
1092 2284 1153 2334 civi-

186 2370 237 2421 cccc·
252 2368 422 2434 quodcumque
440 2367 542 2417 adocni
562 2365 695 2428 inciderit,
719 2385 768 2418 non
789 2384 874 2418 rernm
895 2367 1092 2436 magnitudine,
1109 2367 1153 2419 cccl
1202 2409 1204 2416 .

185 2452 283 2506 ciricus
297 2452 436 2508 cctcuuutis
453 2477 484 2494 -.-
507 2451 695 2503 aestimandum
711 2467 771 2503 cccc.

197 2589 227 2649 7.
249 2584 339 2648 Nihil
358 2584 481 2664 obstat,
501 2606 567 2670 quc
583 2585 867 2652 minuscontraria
890 2587 975 2650 inter
996 2585 1038 2650 se¹
1056 2608 1149 2648 com-

115 2681 284 2759 parentur.
335 2669 423 2736 Tum
454 2692 530 2734 vero
557 2670 714 2756 particula
739 2673 789 2735 itu
824 2694 893 2735 non
917 2672 1180 2736 adversativam
1269 2669 1273 2682 '

115 2755 386 2844 significationem
402 2755 517 2832 habet,
539 2777 636 2842 quarn
654 2758 784 2842 quidam
810 2758 1015 2844 grammatici
1038 2758 1066 2820 ci
1087 2757 1150 2822 tri-

116 2842 238 2923 buunt,
259 2841 314 2906 sed
334 2842 502 2930 oppositio
517 2839 553 2903 fir
568 2863 629 2928 per
649 2843 709 2906 alia
725 2847 859 2906 nomina
875 2843 1044 2920 orationis,

219 2960 281 3013 niv.
303 2961 330 3027 3,
345 2957 445 3024 55,15.
463 2961 527 3012 icccc
547 2961 633 3032 cncniu
655 2969 684 3012 ut
706 2945 813 3025 inuitis,
832 2965 871 3015 ito
891 2979 941 3016 non
958 2947 1149 3016 crlcersontilrus

180 3047 299 3118 patriciis
318 3051 457 3098 transacta.
490 3037 533 3106 21,
553 3043 597 3107 11,
611 3041 637 3094 5.
663 3045 806 3114 Saguntini
826 3054 854 3098 ut
877 3064 894 3098 a
916 3047 1020 3115 procliis
1041 3049 1148 3113 quietern

182 3129 341 3198 undumeni,
362 3147 408 3181 ncc
429 3129 595 3191 lacessentes,
619 3146 665 3181 nec
690 3129 802 3181 lacessiti
821 3147 869 3200 pcc
890 3131 986 3198 aliquot
1008 3133 1079 3184 dics.-
1109 3132 1149 3182 itu

182 3232 234 3266 non
248 3221 335 3278 nocte,
353 3231 402 3264 noa
418 3215 459 3266 dic
474 3231 596 3290 umquam
610 3217 767 3268 cessaverunt
781 3217 813 3276 ab
830 3231 917 3289 opere,
937 3212 1073 3268 ut'nccurn
1087 3233 1131 3268 suu

180 3317 238 3352 cum
253 3323 287 3339 -
303 3300 444 3367 reficerent.

199 3437 229 3498 8.
249 3431 286 3496 ln
303 3433 360 3514 iis,
382 3453 462 3518 qnae
477 3455 537 3520 per
553 3433 604 3498 ita
620 3447 657 3498 ut
671 3447 927 3522 componuntur,
949 3445 1081 3524 apparet
1104 3434 1147 3497 il-

113 3519 171 3584 lud
197 3519 351 3582 orationis
373 3539 492 3606 genua,
512 3522 545 3584 in
566 3541 631 3606 quo
650 3523 845 3586 contrariam
863 3523 1033 3594 notionem
1053 3520 1145 3604 cogi-

111 3605 235 3669 tatione
258 3605 482 3692 supponimus.
535 3607 722 3690 Cogitamus
745 3609 843 3692 igitur
869 3631 937 3671 non
953 3608 1072 3683 aliter,
1091 3605 1146 3666 ni·
1241 3614 1245 3622 '

111 3690 165 3754 nil
187 3687 296 3752 clirrd.
339 3691 444 3774 Atque
470 3689 532 3752 hoc
556 3692 659 3754 modo
689 3692 883 3762 describitur
914 3696 962 3757 rei
994 3710 1147 3775 praesens

111 3798 149 3926 pc
167 3774 309 3862 simplex
324 3775 489 3856 conditio,
513 3787 568 3840 aut
585 3777 681 3840 etiarn
700 3787 750 3840 r'es
769 3801 838 3844 nou
860 3767 972 3841 ornata
993 3775 1041 3838 vel
1063 3796 1144 3860 neg-

124 3871 205 3927 octa.

223 3979 335 4032 Sueten.
351 3978 404 4032 ric.
426 3979 451 4032 8.
469 3963 554 4032 iaaac
574 3988 644 4044 nat,
668 3982 694 4054 in
717 3990 781 4036 ocotc
801 3947 936 4034 domestica
956 3961 1095 4046 imperator
1110 3951 1145 4030 cat

178 4066 362 4118 consalutatus.
380 4064 399 4114 i.
414 4081 439 4116 c.
456 4081 483 4115 so
498 4063 545 4115 wic
561 4082 590 4118 cc
604 4066 664 4118 cleu
678 4085 745 4119 uuor.
779 4067 848 4134 Aug.
861 4063 903 4118 18.
917 4071 977 4145 pasc
993 4065 1076 4114 cidara
1091 4078 1144 4113 mc·
1170 4067 1171 4072 ’

179 4149 330 4213 ridicuanr,
353 4147 394 4202 ito
416 4155 445 4200 ut
463 4150 568 4204 uestitus
588 4153 761 4220 calciatusque
780 4157 855 4224 mot,
882 4175 916 4189 —·
943 4149 1143 4216 conquiescebat.
